pitch_time,inning,top_or_bottom,pitcher_name,hitter_name,pitch_type,x,y,start_speed,end_speed,sz_top,sz_bottom,pfx_x,pfx_z,px,pz,x0,y0,ax,ay,az,z0,vx0,vy0,vz0,break_y,break_angle,break_length,pitch_name,type_confidence,zone,nasty,spin_dir,spin_rate,comments,unk
2013-10-01 20:07:43 -0400,1,Top,Francisco Liriano,Shin-Soo Choo,B,78.97,164.92,93.2,85.3,3.1,1.53,11.01,6.47,0.628,1.547,1.757,50.0,5.472,-6.862,-136.338,-6.799,20.562,32.261,-20.022,23.8,-41.3,6.3,FT,0.894,9.0,65.0,120.583,2541.561,,
2013-10-01 20:07:57 -0400,1,Top,Francisco Liriano,Shin-Soo Choo,S,82.4,131.24,93.4,85.6,3.06,1.56,10.14,7.99,0.545,3.069,1.711,50.0,5.65,-6.693,-136.724,-3.8,19.13,31.09,-17.028,23.8,-44.6,5.4,FT,0.895,12.0,62.0,128.371,2589.087,,
2013-10-01 20:08:12 -0400,1,Top,Francisco Liriano,Shin-Soo Choo,S,96.14,161.47,89.1,82.8,3.25,1.53,3.11,4.95,0.12,1.826,1.5590000000000002,50.0,5.792000000000002,-4.763,-130.525,-5.69,5.392,26.06,-23.521,23.8,-10.4,5.8,SL,0.931,8.0,32.0,148.07299999999995,1133.227,,
2013-10-01 20:08:31 -0400,1,Top,Francisco Liriano,Shin-Soo Choo,S,106.44,163.19,90.0,83.3,3.25,1.53,-0.38,2.15,-0.229,1.6669999999999998,1.172,50.0,5.832000000000002,-3.519,-131.909,-5.404,-0.6659999999999999,28.298,-28.316,23.8,2.6,6.8,SL,0.926,8.0,34.0,189.793,430.593,,
2013-10-01 20:09:09 -0400,1,Top,Francisco Liriano,Ryan Ludwick,B,163.95,194.28,87.7,81.6,3.62,1.78,1.62,1.93,-1.917,0.438,0.194,50.0,5.5779999999999985,-5.886,-128.34799999999998,-7.342,2.709,26.078000000000007,-28.88,23.8,-3.1,7.3,SL,0.915,13.0,55.0,140.567,482.08,,
2013-10-01 20:09:31 -0400,1,Top,Francisco Liriano,Ryan Ludwick,S,79.83,152.83,86.6,80.4,3.63,1.71,7.67,2.83,0.628,2.148,0.459,50.0,5.711,-2.0780000000000003,-126.9,-3.474,12.566,24.799,-27.463,23.8,-23.4,7.6,CH,0.904,9.0,45.0,110.551,1534.246,,
2013-10-01 20:09:53 -0400,1,Top,Francisco Liriano,Ryan Ludwick,S,101.29,155.42,88.1,81.7,3.63,1.71,3.03,2.64,-0.028,2.0340000000000003,0.23,50.0,5.784,-1.664,-129.161,-4.1610000000000005,5.1370000000000005,26.19,-27.623,23.8,-9.6,6.9,SL,0.93,8.0,27.0,131.539,770.873,,
2013-10-01 20:10:19 -0400,1,Top,Francisco Liriano,Ryan Ludwick,X,124.46,139.88,87.3,81.6,3.63,1.71,1.07,2.0,-0.727,2.742,0.2,50.0,5.931,-2.709,-128.048,-2.452,1.7990000000000002,23.205,-28.729,23.9,-2.6,7.0,SL,0.908,11.0,38.0,152.42700000000005,440.333,,
2013-10-01 20:10:57 -0400,1,Top,Francisco Liriano,Joey Votto,X,82.4,129.52,95.1,87.3,3.58,1.67,8.07,7.07,0.614,3.155,1.567,50.0,5.636,-5.499,-139.256,-3.492,15.816,31.944000000000006,-18.25,23.8,-37.4,5.0,FT,0.92,3.0,58.0,131.361,2195.2870000000007,,
2013-10-01 20:14:18 -0400,1,Bottom,Johnny Cueto,Starling Marte,B,131.33,129.52,83.0,76.4,3.7,1.74,-4.93,-3.27,-0.957,3.064,-2.656,50.0,5.56,5.602,-121.524,1.7380000000000002,-7.349,24.661,-36.969,23.8,9.7,10.1,CH,0.91,11.0,74.0,303.124,1047.575,,
2013-10-01 20:14:30 -0400,1,Bottom,Johnny Cueto,Starling Marte,S,89.27,125.2,93.0,85.5,3.51,1.53,-4.38,8.17,0.366,3.2260000000000004,-2.153,50.0,5.54,8.297,-136.136,-3.1010000000000004,-8.215,29.89,-16.759,23.8,20.3,4.0,FF,0.948,3.0,46.0,208.053,1861.471,,
2013-10-01 20:14:45 -0400,1,Bottom,Johnny Cueto,Starling Marte,X,85.84,120.02,93.7,86.2,3.51,1.53,-4.02,8.04,0.371,3.595,-2.187,50.0,5.457999999999998,8.343,-137.166,-1.95,-7.661,30.192,-16.771,23.8,18.8,3.9,FF,0.947,12.0,50.0,206.443,1819.533,,
2013-10-01 20:15:33 -0400,1,Bottom,Johnny Cueto,Neil Walker,S,126.18,141.61,94.1,86.4,3.62,1.82,-8.72,2.85,-0.767,2.672,-2.317,50.0,5.432,7.286,-137.738,-2.589,-16.707,31.391,-26.647,23.8,29.0,6.6,FT,0.905,13.0,55.0,251.694,1853.528,,
2013-10-01 20:15:50 -0400,1,Bottom,Johnny Cueto,Neil Walker,B,136.48,122.61,85.4,77.8,3.58,1.78,-5.61,-0.17,-1.082,3.4730000000000003,-2.483,50.0,5.476,5.226,-125.06,1.673,-8.765,28.245,-32.369,23.7,13.4,8.6,CH,0.9,11.0,59.0,271.275,1017.052,,
2013-10-01 20:16:13 -0400,1,Bottom,Johnny Cueto,Neil Walker,X,134.76,137.29,85.1,78.6,3.68,1.68,2.21,-2.64,-1.036,2.827,-2.585,50.0,5.5070000000000014,3.105,-124.748,0.77,3.483,25.504,-36.255,23.8,-6.4,9.4,SL,0.91,11.0,46.0,40.479,623.962,,
2013-10-01 20:16:55 -0400,1,Bottom,Johnny Cueto,Andrew McCutchen,B,119.31,108.8,94.1,86.0,3.53,1.74,-4.61,5.71,-0.5589999999999999,4.043,-2.327,50.0,5.44,6.4220000000000015,-137.911,0.112,-8.81,32.67,-21.189,23.7,19.1,4.8,FF,0.954,11.0,54.0,218.729,1481.323,,
2013-10-01 20:17:12 -0400,1,Bottom,Johnny Cueto,Andrew McCutchen,B,58.37,133.84,94.0,85.9,3.53,1.65,-5.69,8.02,1.274,2.892,-1.924,50.0,5.386,10.649,-137.36700000000002,-3.626,-10.811,32.272,-16.867,23.7,25.3,4.2,FF,0.914,12.0,52.0,215.232,1979.183,,
2013-10-01 20:17:38 -0400,1,Bottom,Johnny Cueto,Andrew McCutchen,B,95.28,117.43,93.8,86.0,3.45,1.65,-3.37,7.19,0.13699999999999998,3.65,-2.173,50.0,5.448,7.436,-137.308,-1.462,-6.4129999999999985,31.39,-18.428,23.8,14.2,4.1,FF,0.944,12.0,43.0,205.009,1602.6729999999998,"Johnny Cueto is having trouble locating his four-seam fastball, missing the strike zone with his last three.",
2013-10-01 20:17:59 -0400,1,Bottom,Johnny Cueto,Andrew McCutchen,S,113.3,147.65,93.7,86.4,3.47,1.55,-3.48,4.69,-0.383,2.361,-2.365,50.0,5.238,6.5939999999999985,-137.275,-3.5210000000000004,-6.6389999999999985,30.531,-23.162,23.8,12.3,5.2,FF,0.945,4.0,35.0,216.377,1182.969,,
2013-10-01 20:18:27 -0400,1,Bottom,Johnny Cueto,Andrew McCutchen,S,72.96,154.56,90.4,84.1,3.49,1.61,-1.14,3.0,0.75,2.08,-2.398,50.0,5.249,8.64,-132.291,-3.2,-2.044,26.098000000000006,-26.74,23.8,1.0,6.2,FC,0.902,14.0,55.0,200.612,636.689,,
2013-10-01 20:18:46 -0400,1,Bottom,Johnny Cueto,Andrew McCutchen,B,97.85,180.46,83.1,76.3,3.49,1.65,-8.12,-2.48,0.14300000000000002,0.804,-2.115,50.0,5.2170000000000005,7.902,-121.536,-3.045,-11.995,26.503,-35.767,23.8,16.0,10.4,CH,0.909,14.0,20.0,286.675,1494.707,,
2013-10-01 20:19:34 -0400,1,Bottom,Johnny Cueto,Justin Morneau,S,137.34,144.2,93.2,86.0,3.57,1.73,-8.71,4.24,-1.17,2.485,-2.171,50.0,5.4460000000000015,5.751,-136.51,-3.515,-16.455,29.728,-24.096,23.8,31.5,6.3,FT,0.904,13.0,59.0,243.852,1948.144,,
2013-10-01 20:20:01 -0400,1,Bottom,Johnny Cueto,Justin Morneau,X,113.3,143.33,82.5,76.0,3.44,1.58,-4.53,-2.26,-0.458,2.533,-2.153,50.0,5.397,5.439,-120.908,0.613,-6.672999999999999,24.612,-35.426,23.8,9.1,9.9,CH,0.91,4.0,32.0,295.982,890.7180000000002,,
2013-10-01 20:23:10 -0400,2,Top,Francisco Liriano,Brandon Phillips,S,66.95,144.2,92.1,84.9,3.22,1.51,9.1,4.02,1.015,2.446,0.574,50.0,5.587999999999999,-1.973,-135.019,-3.735,16.769000000000002,29.792,-24.696,23.8,-32.6,6.7,FT,0.902,12.0,58.0,114.035,1972.875,,
2013-10-01 20:23:30 -0400,2,Top,Francisco Liriano,Brandon Phillips,X,105.58,179.6,86.8,80.8,3.22,1.51,9.04,2.73,-0.054000000000000006,0.987,0.221,50.0,5.682,-3.647,-127.125,-6.315,14.863,24.91,-27.617,23.9,-26.3,7.9,CH,0.901,13.0,18.0,107.046,1774.1370000000004,,
2013-10-01 20:24:08 -0400,2,Top,Francisco Liriano,Jay Bruce,B,64.38,108.8,88.8,82.3,3.76,1.71,3.31,3.8,1.073,4.122,1.671,50.0,6.007999999999999,-2.652,-130.237,0.08900000000000001,5.731,25.588,-25.536,23.8,-11.6,6.1,SL,0.936,12.0,92.0,139.195,976.904,,
2013-10-01 20:24:30 -0400,2,Top,Francisco Liriano,Jay Bruce,S,145.06,155.42,88.8,82.4,3.76,1.71,1.59,2.94,-1.3019999999999998,2.09,1.205,50.0,5.744,-6.98,-130.041,-4.141,2.738,26.192,-27.039,23.8,-3.0,6.6,SL,0.922,13.0,23.0,151.935,649.227,,
2013-10-01 20:24:49 -0400,2,Top,Francisco Liriano,Jay Bruce,S,143.35,157.15,88.6,82.2,3.76,1.71,0.57,3.09,-1.348,1.961,1.103,50.0,5.885,-6.476,-129.738,-4.835,0.978,26.407,-26.813,23.8,0.5,6.6,SL,0.917,13.0,25.0,169.66299999999995,609.382,,
2013-10-01 20:25:09 -0400,2,Top,Francisco Liriano,Jay Bruce,S,116.74,176.14,88.8,82.8,3.76,1.71,1.03,3.56,-0.585,1.247,1.215,50.0,5.871,-4.978,-130.025,-6.864,1.78,25.398000000000003,-25.961,23.9,-1.9,6.4,SL,0.921,13.0,32.0,164.015,721.118,,
2013-10-01 20:25:41 -0400,2,Top,Francisco Liriano,Todd Frazier,S,115.88,153.69,86.7,80.0,3.43,1.5,9.88,3.02,-0.398,1.94,0.037000000000000005,50.0,5.638,-4.3039999999999985,-127.008,-3.835,16.09,26.727,-27.178,23.8,-28.6,7.9,CH,0.9,7.0,61.0,107.25,1924.483,,
2013-10-01 20:25:57 -0400,2,Top,Francisco Liriano,Todd Frazier,S,125.32,129.52,88.0,81.9,3.43,1.5,0.09,1.44,-0.789,3.108,0.166,50.0,5.849,-2.472,-129.007,-1.212,0.147,24.484,-29.646,23.9,0.6,7.1,SL,0.912,11.0,53.0,176.674,284.773,,
2013-10-01 20:26:16 -0400,2,Top,Francisco Liriano,Todd Frazier,S,138.2,162.33,87.0,81.5,3.43,1.5,0.17,1.43,-1.172,1.669,0.151,50.0,5.747000000000001,-3.403,-127.47,-4.452,0.284,22.815,-29.717,23.9,0.5,7.4,SL,0.905,13.0,54.0,173.408,281.502,,
2013-10-01 20:27:05 -0400,2,Top,Francisco Liriano,Todd Frazier,B,63.52,98.43,95.4,87.5,3.43,1.5,9.08,6.49,1.178,4.523,0.627,50.0,5.7029999999999985,-1.729,-139.933,0.242,17.922,32.793,-19.288,23.8,-42.3,5.4,FT,0.903,12.0,51.0,125.717,2288.53,,
2013-10-01 20:27:23 -0400,2,Top,Francisco Liriano,Todd Frazier,S,65.24,144.2,88.2,81.8,3.43,1.5,7.89,5.22,1.078,2.609,0.235,50.0,5.771,-0.465,-129.326,-3.553,13.419,25.765,-23.217,23.8,-29.1,6.5,CH,0.87,12.0,47.0,123.723,1809.886,,
2013-10-01 20:28:01 -0400,2,Top,Francisco Liriano,Todd Frazier,X,62.66,159.74,89.8,83.3,3.43,1.5,-1.49,3.43,1.111,1.796,0.371,50.0,5.75,2.431,-131.50799999999998,-5.271,-2.627,26.906,-26.064,23.8,4.6,6.3,SL,0.927,14.0,55.0,203.264,733.71,,
2013-10-01 20:31:16 -0400,2,Bottom,Johnny Cueto,Marlon Byrd,B,147.64,126.93,92.7,85.7,3.37,1.51,-6.67,3.01,-1.538,3.254,-2.165,50.0,5.567,4.016,-135.828,-1.293,-12.522,28.49,-26.442,23.8,23.7,6.3,FT,0.679,11.0,42.0,245.403,1470.945,,
2013-10-01 20:31:33 -0400,2,Bottom,Johnny Cueto,Marlon Byrd,S,103.86,145.06,83.0,77.7,3.37,1.51,2.3,-3.31,-0.101,2.54,-2.248,50.0,5.499,4.459,-121.688,0.5489999999999999,3.49,21.377,-37.121,23.9,-6.4,9.9,SL,0.911,5.0,22.0,35.201,721.7860000000002,,
2013-10-01 20:31:57 -0400,2,Bottom,Johnny Cueto,Marlon Byrd,B,87.55,118.29,92.5,84.7,3.37,1.51,-6.69,6.85,0.417,3.761,-2.046,50.0,5.497999999999998,8.885,-135.395,-0.99,-12.353,30.862,-19.446,23.8,27.8,4.9,FF,0.59,12.0,50.0,224.142,1900.544,,
2013-10-01 20:32:15 -0400,2,Bottom,Johnny Cueto,Marlon Byrd,X,97.0,135.56,82.5,76.4,3.37,1.51,-6.73,-0.84,-0.023,2.823,-2.185,50.0,5.4620000000000015,7.25,-120.82,0.682,-9.976,23.027,-33.347,23.8,14.6,9.4,CH,0.91,2.0,24.0,276.706,1206.15,,
2013-10-01 20:33:12 -0400,2,Bottom,Johnny Cueto,Pedro Alvarez,S,118.45,151.97,85.8,79.7,3.58,1.63,2.45,-1.51,-0.565,2.149,-2.721,50.0,5.454,4.57,-125.799,-1.271,3.932,25.003,-34.525,23.8,-7.8,8.9,SL,0.898,7.0,72.0,59.124,528.3340000000002,,
2013-10-01 20:33:28 -0400,2,Bottom,Johnny Cueto,Pedro Alvarez,S,136.48,152.83,93.6,87.0,3.58,1.69,-8.11,4.53,-1.138,2.138,-2.274,50.0,5.334,5.9529999999999985,-137.097,-4.382,-15.58,27.575,-23.387,23.8,30.8,5.9,FT,0.912,13.0,60.0,240.577,1892.84,,
2013-10-01 20:33:46 -0400,2,Bottom,Johnny Cueto,Pedro Alvarez,B,94.42,165.78,86.1,80.8,3.58,1.63,2.17,1.59,0.14300000000000002,1.624,-2.336,50.0,5.457000000000002,5.502000000000002,-126.051,-3.712,3.544,21.828000000000007,-29.506,23.9,-8.3,7.5,SL,0.735,14.0,39.0,126.974,510.562,,
2013-10-01 20:34:05 -0400,2,Bottom,Johnny Cueto,Pedro Alvarez,X,109.87,158.88,85.8,80.6,3.58,1.63,4.0,-0.94,-0.308,2.079,-2.445,50.0,5.454,4.039,-125.766,-1.706,6.504,21.829,-33.621,23.9,-11.8,8.6,SL,0.912,7.0,32.0,77.457,768.617,,
2013-10-01 20:34:44 -0400,2,Bottom,Johnny Cueto,Russell Martin,S,99.57,131.24,89.5,83.4,3.35,1.53,2.42,2.71,0.07400000000000001,3.137,-2.311,50.0,5.358,5.382999999999999,-131.113,-0.521,4.262,24.764,-27.332,23.9,-10.8,6.4,FC,0.907,2.0,47.0,138.64600000000002,713.762,,
2013-10-01 20:35:04 -0400,2,Bottom,Johnny Cueto,Russell Martin,B,36.91,158.88,89.7,83.9,3.35,1.53,0.85,4.14,1.979,1.802,-2.134,50.0,5.234,10.411,-131.05200000000002,-4.164,1.507,24.149,-24.809,23.9,-7.3,5.9,FC,0.908,14.0,27.0,168.438,832.2189999999998,,
2013-10-01 20:35:19 -0400,2,Bottom,Johnny Cueto,Russell Martin,B,53.22,149.38,89.0,83.7,3.35,1.53,0.59,3.14,1.464,2.259,-2.173,50.0,5.28,9.23,-130.17700000000002,-2.695,1.025,22.08,-26.61,23.9,-5.2,6.3,FC,0.911,14.0,19.0,169.56400000000005,630.525,,
2013-10-01 20:35:54 -0400,2,Bottom,Johnny Cueto,Russell Martin,X,103.86,141.61,94.7,86.6,3.35,1.53,-5.91,7.55,-0.107,2.628,-2.213,50.0,5.1960000000000015,7.84,-138.624,-3.8,-11.424,33.023,-17.506,23.7,27.5,4.4,FF,0.847,5.0,23.0,217.912,1945.75,,
2013-10-01 20:37:04 -0400,2,Bottom,Johnny Cueto,Clint Barmes,B,62.66,176.14,85.1,79.7,3.47,1.56,1.98,-3.61,1.11,1.164,-2.369,50.0,5.329,7.95,-124.588,-2.614,3.13,23.182,-37.815,23.9,-6.5,9.8,SL,0.911,14.0,91.0,29.023000000000003,751.217,,
2013-10-01 20:37:17 -0400,2,Bottom,Johnny Cueto,Clint Barmes,S,65.24,135.56,93.8,86.3,3.47,1.56,-2.61,8.27,0.931,2.825,-2.025,50.0,5.343,8.927,-137.239,-3.805,-4.978,30.427,-16.338,23.8,10.1,3.7,FF,0.93,12.0,52.0,197.449,1754.819,,
2013-10-01 20:37:38 -0400,2,Bottom,Johnny Cueto,Clint Barmes,B,59.23,170.96,84.4,79.8,3.47,1.56,2.81,-1.45,1.2009999999999998,1.408,-2.211,50.0,5.385,7.487,-123.496,-2.789,4.433,19.845,-34.38,23.9,-8.9,9.0,SL,0.912,14.0,60.0,63.543,581.689,,
2013-10-01 20:37:58 -0400,2,Bottom,Johnny Cueto,Clint Barmes,S,89.27,132.11,94.5,87.7,3.47,1.56,-3.04,7.32,0.34700000000000003,2.919,-2.032,50.0,5.335,7.609,-138.409,-3.383,-5.9510000000000005,28.308000000000003,-17.782,23.8,13.5,3.9,FF,0.934,3.0,36.0,202.463,1632.425,,
2013-10-01 20:38:21 -0400,2,Bottom,Johnny Cueto,Clint Barmes,X,72.96,158.88,85.6,80.3,3.47,1.56,1.01,-2.15,0.87,1.942,-2.302,50.0,5.433,7.563,-125.329,-1.54,1.636,22.108,-35.565,23.9,-4.5,9.0,SL,0.91,14.0,52.0,25.754,435.831,,
2013-10-01 20:38:57 -0400,2,Bottom,Johnny Cueto,Francisco Liriano,S,114.16,135.56,91.9,84.5,3.69,1.73,-7.81,3.69,-0.411,2.853,-2.2230000000000003,50.0,5.4129999999999985,7.499,-134.556,-2.023,-14.287,29.683000000000003,-25.339,23.8,26.2,6.4,FT,0.921,4.0,44.0,244.433,1707.63,,
2013-10-01 20:39:10 -0400,2,Bottom,Johnny Cueto,Francisco Liriano,S,100.43,132.11,91.0,84.0,3.69,1.73,-3.05,7.88,-0.096,2.9730000000000003,-2.228,50.0,5.4289999999999985,6.655,-133.197,-3.073,-5.492000000000001,27.622,-17.892,23.8,12.6,4.3,FF,0.928,5.0,29.0,201.032,1666.646,,
2013-10-01 20:39:41 -0400,2,Bottom,Johnny Cueto,Francisco Liriano,X,119.31,164.92,84.4,79.4,3.69,1.73,1.59,-2.66,-0.599,1.795,-2.518,50.0,5.4289999999999985,4.212,-123.735,-1.561,2.501,20.851,-36.299,23.9,-4.9,9.4,SL,0.91,7.0,49.0,31.227,565.606,Johnny Cueto had Francisco Liriano down 0-2 but could not put him away.,
2013-10-01 20:40:25 -0400,2,Bottom,Johnny Cueto,Starling Marte,X,74.68,120.02,93.3,85.9,3.51,1.53,-3.25,6.68,0.743,3.607,-2.046,50.0,5.506,8.658999999999999,-136.562,-1.513,-6.136,29.824,-19.473,23.8,12.2,4.4,FF,0.939,12.0,79.0,205.784,1498.517,,
2013-10-01 20:41:28 -0400,2,Bottom,Johnny Cueto,Neil Walker,B,115.02,88.07,93.2,85.5,3.68,1.68,-3.1,6.78,-0.411,4.788,-2.172,50.0,5.565,5.827000000000001,-136.509,1.496,-5.831,30.489,-19.332,23.8,13.4,4.2,FF,0.939,11.0,49.0,204.419,1498.917,,
2013-10-01 20:41:50 -0400,2,Bottom,Johnny Cueto,Neil Walker,X,91.85,120.88,90.8,84.0,3.68,1.68,-0.81,6.11,0.246,3.31,-2.291,50.0,5.349,6.952000000000001,-132.985,-1.3530000000000002,-1.457,27.237,-21.098000000000006,23.8,0.2,4.8,FF,0.645,3.0,38.0,187.492,1218.731,,
2013-10-01 20:45:33 -0400,3,Top,Francisco Liriano,Zack Cozart,B,96.14,121.75,85.2,79.6,3.47,1.56,0.82,2.07,0.181,3.522,0.4920000000000001,50.0,5.9220000000000015,-1.036,-124.985,-0.155,1.3159999999999998,21.967,-28.783,23.9,-2.3,7.3,SL,0.9,12.0,68.0,158.791,422.218,,
2013-10-01 20:45:47 -0400,3,Top,Francisco Liriano,Zack Cozart,S,105.58,123.47,92.5,85.7,3.47,1.56,9.9,4.57,-0.079,3.338,0.466,50.0,5.6160000000000005,-4.919,-135.579,-1.732,18.546,27.767,-23.527,23.8,-36.3,6.4,FT,0.897,2.0,40.0,114.998,2189.647,,
2013-10-01 20:46:03 -0400,3,Top,Francisco Liriano,Zack Cozart,X,80.69,172.69,87.3,81.0,3.47,1.56,9.58,3.73,0.502,1.244,0.303,50.0,5.613,-2.64,-127.877,-5.917000000000002,15.896,25.754,-25.903,23.8,-29.6,7.6,CH,0.899,14.0,52.0,111.53,1938.685,,
2013-10-01 20:46:48 -0400,3,Top,Francisco Liriano,Ryan Hanigan,S,115.02,157.15,92.9,85.7,3.24,1.52,6.32,7.79,-0.505,1.914,0.305,50.0,5.526,-4.384,-136.10299999999998,-6.455,11.867,29.779,-17.475,23.8,-30.1,4.7,FF,0.907,7.0,61.0,141.086,2013.722,,
2013-10-01 20:47:12 -0400,3,Top,Francisco Liriano,Ryan Hanigan,X,98.71,153.69,87.9,82.6,3.24,1.52,1.32,3.28,0.046,2.111,0.397,50.0,5.76,-1.3430000000000002,-128.841,-4.187,2.268,22.041,-26.491,23.9,-4.3,6.4,SL,0.911,5.0,19.0,158.245,688.998,,
2013-10-01 20:47:52 -0400,3,Top,Francisco Liriano,Johnny Cueto,S,97.85,151.1,92.9,85.6,3.39,1.55,7.83,5.87,0.009000000000000001,2.221,0.44,50.0,5.484,-3.89,-136.178,-4.842,14.675999999999998,30.356,-21.087,23.8,-32.0,5.7,FT,0.665,5.0,32.0,127.07,1959.523,,
2013-10-01 20:48:06 -0400,3,Top,Francisco Liriano,Johnny Cueto,X,78.11,153.69,86.8,80.9,3.39,1.55,10.47,3.08,0.629,2.006,0.292,50.0,5.621,-2.583,-127.188,-3.755,17.309,23.787,-27.002,23.9,-31.3,7.9,CH,0.899,9.0,46.0,106.637,2060.623,,
2013-10-01 20:51:37 -0400,3,Bottom,Johnny Cueto,Andrew McCutchen,B,109.01,116.57,91.3,84.8,3.47,1.55,-0.56,4.52,-0.247,3.69,-2.274,50.0,5.492000000000001,5.569,-133.821,-0.29100000000000004,-1.025,26.128,-23.824,23.8,-0.1,5.3,FF,0.653,11.0,63.0,186.997,912.036,,
2013-10-01 20:51:55 -0400,3,Bottom,Johnny Cueto,Andrew McCutchen,X,133.05,145.06,93.2,86.1,3.47,1.55,-9.15,4.29,-1.036,2.612,-2.164,50.0,5.42,6.25,-136.504,-3.133,-17.305,29.274,-23.977,23.8,33.0,6.3,FT,0.9,11.0,55.0,244.654,2035.096,,
2013-10-01 20:52:54 -0400,3,Bottom,Johnny Cueto,Justin Morneau,S,103.0,105.34,92.6,86.8,3.44,1.58,-2.09,5.83,-0.123,4.12,-2.0380000000000003,50.0,5.497999999999998,5.914,-135.703,0.155,-3.982,23.561,-20.984,23.9,8.1,4.5,FF,0.8959999999999999,11.0,39.0,199.587,1269.796,,
2013-10-01 20:53:41 -0400,3,Bottom,Johnny Cueto,Justin Morneau,S,102.15,106.2,89.9,84.3,3.44,1.58,0.08,5.68,-0.001,4.115,-2.126,50.0,5.517,5.55,-131.72799999999998,0.496,0.13699999999999998,22.251,-21.907,23.9,-2.7,4.9,FC,0.828,11.0,27.0,179.237,1130.854,,
2013-10-01 20:54:35 -0400,3,Bottom,Johnny Cueto,Justin Morneau,S,57.51,113.98,91.3,84.6,3.44,1.58,-1.55,4.42,1.288,3.77,-1.899,50.0,5.459,8.965,-133.55700000000002,0.077,-2.825,26.616,-24.048,23.8,2.6,5.4,FF,0.799,12.0,62.0,199.168,934.519,,
2013-10-01 20:55:33 -0400,3,Bottom,Johnny Cueto,Justin Morneau,B,148.5,124.34,94.1,86.4,3.44,1.58,-2.27,7.41,-1.457,3.359,-2.206,50.0,5.395,2.838,-137.997,-2.26,-4.359,31.553,-17.858,23.8,11.5,4.0,FF,0.931,11.0,34.0,196.933,1573.283,Johnny Cueto is really trying to keep Andrew McCutchen close; he is 27-for-37 in stolen base attempts this season.,
2013-10-01 20:56:03 -0400,3,Bottom,Johnny Cueto,Justin Morneau,X,90.13,140.74,86.8,81.1,3.44,1.58,1.98,-0.62,0.314,2.609,-2.166,50.0,5.4110000000000005,5.604,-127.12,-0.505,3.287,22.946,-33.129,23.9,-7.2,8.2,FC,0.9,6.0,33.0,73.79899999999998,390.648,,
2013-10-01 20:56:55 -0400,3,Bottom,Johnny Cueto,Marlon Byrd,S,139.91,132.11,94.3,86.8,3.37,1.51,-6.9,3.61,-1.173,2.949,-2.0340000000000003,50.0,5.432,4.795,-138.194,-2.169,-13.342,30.941,-25.115,23.8,25.7,6.0,FT,0.918,11.0,65.0,242.117,1584.625,,
2013-10-01 20:57:51 -0400,3,Bottom,Johnny Cueto,Marlon Byrd,X,122.75,150.24,93.8,86.9,3.37,1.51,-8.01,4.0,-0.6729999999999999,2.252,-1.874,50.0,5.407,6.0939999999999985,-137.381,-4.082,-15.378,28.977,-24.421,23.8,29.2,6.1,FT,0.913,4.0,53.0,243.24400000000003,1818.675,,
2013-10-01 20:59:38 -0400,3,Bottom,Johnny Cueto,Pedro Alvarez,B,85.84,109.66,91.5,85.4,3.58,1.63,-2.67,4.15,0.46,4.002,-2.104,50.0,5.482,7.756,-134.012,0.643,-4.933,24.388,-24.429,23.9,8.3,5.4,FF,0.91,12.0,51.0,212.493,994.083,,
2013-10-01 21:00:25 -0400,3,Bottom,Johnny Cueto,Pedro Alvarez,X,72.1,151.1,90.2,84.0,3.58,1.63,-0.85,2.52,0.884,2.148,-2.139,50.0,5.273,8.196,-131.941,-2.9,-1.518,25.328000000000007,-27.603,23.9,0.1,6.4,FC,0.904,14.0,59.0,198.36900000000003,529.604,,
2013-10-01 21:01:19 -0400,3,Bottom,Johnny Cueto,Russell Martin,B,170.82,138.15,94.6,86.7,3.35,1.53,-7.49,6.11,-2.16,2.774,-2.082,50.0,5.425,2.443,-138.707,-3.532,-14.502,32.81,-20.266,23.8,33.5,5.3,FT,0.923,11.0,34.0,230.609,1962.646,,
2013-10-01 21:01:43 -0400,3,Bottom,Johnny Cueto,Russell Martin,S,98.71,145.06,89.7,83.5,3.35,1.53,-0.79,3.11,-0.051,2.432,-2.193,50.0,5.278,5.847,-131.467,-2.306,-1.388,25.521,-26.612,23.9,0.7,6.2,FC,0.895,5.0,17.0,194.01,632.609,,
2013-10-01 21:02:09 -0400,3,Bottom,Johnny Cueto,Russell Martin,X,110.73,154.56,93.3,85.9,3.35,1.53,-5.21,5.49,-0.314,2.214,-1.958,50.0,5.221,6.257999999999999,-136.608,-4.078,-9.836,30.235,-21.728,23.8,20.6,5.2,FF,0.938,4.0,31.0,223.276,1523.766,,
2013-10-01 21:02:55 -0400,3,Bottom,Johnny Cueto,Clint Barmes,B,174.25,151.97,93.9,86.6,3.47,1.56,-7.0,2.71,-2.27,2.158,-2.226,50.0,5.3210000000000015,2.349,-137.70600000000002,-3.641,-13.414,31.006,-26.904,23.8,25.0,6.5,FT,0.926,13.0,34.0,248.551,1518.365,,
2013-10-01 21:03:21 -0400,3,Bottom,Johnny Cueto,Clint Barmes,S,127.04,170.1,85.7,78.6,3.47,1.56,-6.56,-2.12,-0.815,1.445,-2.218,50.0,5.22,5.557,-125.606,-2.13,-10.344,28.427,-35.44,23.8,14.4,9.6,CH,0.888,13.0,63.0,287.523,1252.898,,
2013-10-01 21:03:41 -0400,3,Bottom,Johnny Cueto,Clint Barmes,S,93.56,126.06,90.8,84.5,3.47,1.56,-1.35,1.43,0.173,3.258,-2.143,50.0,5.263,6.573,-132.967,0.303,-2.44,25.271,-29.512,23.9,2.4,6.6,FC,0.7040000000000001,2.0,39.0,222.507,393.9980000000001,,
2013-10-01 21:04:22 -0400,3,Bottom,Johnny Cueto,Clint Barmes,X,73.82,138.15,89.8,83.3,3.47,1.56,0.71,2.56,0.79,2.818,-2.047,50.0,5.28,7.146,-131.554,-1.112,1.256,26.378,-27.594,23.8,-5.4,6.4,FC,0.907,12.0,48.0,164.666,523.732,,
2013-10-01 21:07:39 -0400,4,Top,Francisco Liriano,Shin-Soo Choo,S,104.72,152.83,88.9,82.8,3.25,1.53,4.75,4.02,-0.129,2.217,1.527,50.0,5.742000000000001,-5.8679999999999986,-130.207,-4.232,8.237,24.809,-25.124,23.9,-15.5,6.3,SL,0.904,5.0,52.0,130.561,1208.038,,
2013-10-01 21:08:29 -0400,4,Top,Francisco Liriano,Shin-Soo Choo,B,51.5,113.98,93.1,85.7,3.25,1.53,8.1,4.46,1.509,3.778,1.617,50.0,5.68,-3.13,-136.575,-0.7290000000000001,15.292,30.348000000000006,-23.691,23.8,-31.5,6.0,FT,0.92,12.0,29.0,119.019,1857.609,,
2013-10-01 21:08:49 -0400,4,Top,Francisco Liriano,Ryan Ludwick,X,112.45,167.51,84.7,79.2,3.63,1.71,0.91,0.86,-0.395,1.569,0.475,50.0,5.5939999999999985,-2.4290000000000003,-124.11,-3.66,1.429,22.371,-30.743,23.9,-1.9,8.0,SL,0.899,13.0,77.0,135.041,236.4,,
2013-10-01 21:09:34 -0400,4,Top,Francisco Liriano,Joey Votto,S,124.46,155.42,88.4,82.0,3.58,1.67,2.87,1.06,-0.758,1.887,1.445,50.0,5.64,-6.591,-129.416,-3.683,4.886,26.167,-30.293000000000006,23.8,-6.7,7.4,SL,0.927,13.0,83.0,111.056,586.919,,
2013-10-01 21:10:00 -0400,4,Top,Francisco Liriano,Joey Votto,S,121.03,183.92,89.4,83.6,3.58,1.67,3.67,4.61,-0.598,0.875,1.208,50.0,5.535,-5.928,-130.773,-7.474,6.44,24.12,-24.002,23.9,-12.1,6.0,SL,0.918,13.0,33.0,141.761,1154.273,,
2013-10-01 21:10:35 -0400,4,Top,Francisco Liriano,Joey Votto,S,136.48,172.69,88.4,81.7,3.58,1.67,2.69,3.19,-1.137,1.331,1.148,50.0,5.693,-6.723,-129.359,-5.902,4.544,27.388,-26.703000000000007,23.8,-6.6,6.7,SL,0.925,13.0,59.0,140.289,797.6160000000001,,
2013-10-01 21:11:21 -0400,4,Top,Francisco Liriano,Brandon Phillips,B,155.36,208.09,88.1,81.3,3.22,1.51,11.88,4.78,-1.703,-1.398,0.133,50.0,5.34,-8.537,-128.376,-12.255999999999998,19.699,28.075,-24.163,23.8,-34.0,7.9,CH,0.754,13.0,48.0,112.131,2403.236,,
2013-10-01 21:11:56 -0400,4,Top,Francisco Liriano,Brandon Phillips,S,78.11,142.47,93.4,86.4,3.22,1.51,9.15,6.39,0.643,2.596,0.189,50.0,5.685,-1.99,-136.898,-4.677,17.424,29.329,-19.936,23.8,-39.1,5.7,FT,0.901,6.0,54.0,125.084,2256.466,,
2013-10-01 21:12:27 -0400,4,Top,Francisco Liriano,Brandon Phillips,X,75.54,150.24,87.0,80.7,3.22,1.51,10.51,6.71,0.7190000000000001,2.261,0.343,50.0,5.646,-2.499,-127.522,-4.373,17.383,25.187,-21.001,23.8,-37.7,6.8,CH,0.895,14.0,43.0,122.732,2350.896,,
2013-10-01 21:13:13 -0400,4,Top,Francisco Liriano,Jay Bruce,B,102.15,105.34,88.7,81.5,3.76,1.71,1.38,4.16,-0.069,4.142,1.482,50.0,5.8370000000000015,-4.438,-130.04399999999998,0.527,2.362,27.926,-25.0,23.8,-3.3,5.9,SL,0.928,11.0,65.0,161.778,842.6010000000001,,
2013-10-01 21:13:36 -0400,4,Top,Francisco Liriano,Jay Bruce,S,126.18,172.69,88.8,82.1,3.76,1.71,3.29,4.81,-0.7240000000000001,1.171,1.304,50.0,5.641,-6.296,-129.94799999999998,-6.807,5.622999999999998,27.54,-23.881,23.8,-9.9,6.1,SL,0.926,13.0,37.0,145.862,1118.619,,
2013-10-01 21:14:02 -0400,4,Top,Francisco Liriano,Jay Bruce,X,110.73,145.92,95.1,86.7,3.76,1.71,13.55,6.27,-0.251,2.402,1.33,50.0,5.376,-9.122,-139.042,-4.481,26.255,34.052,-19.946,23.7,-48.9,6.7,FT,0.892,4.0,37.0,114.974,3022.025,,
2013-10-01 21:14:48 -0400,4,Top,Francisco Liriano,Todd Frazier,B,104.72,174.42,87.8,81.6,3.43,1.5,9.51,2.05,-0.13699999999999998,1.241,0.28,50.0,5.641,-4.2,-128.53799999999998,-5.544,15.97,25.744,-28.66,23.8,-27.1,8.0,CH,0.895,13.0,62.0,102.41,1845.621,,
2013-10-01 21:15:08 -0400,4,Top,Francisco Liriano,Todd Frazier,S,119.31,139.02,88.7,82.4,3.43,1.5,0.8,2.11,-0.597,2.61,0.376,50.0,5.705,-2.773,-129.991,-2.432,1.384,25.623,-28.468000000000004,23.8,-1.7,6.8,SL,0.924,4.0,37.0,159.523,441.514,,
2013-10-01 21:15:39 -0400,4,Top,Francisco Liriano,Todd Frazier,S,129.61,153.69,86.9,80.7,3.43,1.5,0.53,0.1,-0.91,2.115,0.29,50.0,5.73,-3.195,-127.421,-2.769,0.8759999999999999,25.292,-31.936,23.8,-0.5,8.0,SL,0.907,13.0,48.0,105.2,103.355,,
2013-10-01 21:16:16 -0400,4,Top,Francisco Liriano,Todd Frazier,S,97.0,204.64,87.8,82.0,3.43,1.5,0.13,1.49,0.094,-0.018000000000000002,0.2,50.0,5.566,-0.313,-128.489,-8.384,0.223,25.006,-29.597,23.9,-0.3,7.5,SL,0.911,14.0,15.0,175.05599999999995,292.059,"|pitcher| has his out pitch working today, recording all 4 of his strikeouts with the slider so far.",
2013-10-01 21:19:44 -0400,4,Bottom,Johnny Cueto,Francisco Liriano,S,126.18,128.65,91.0,83.9,3.69,1.73,-6.38,5.2,-0.732,3.085,-2.341,50.0,5.379,6.42,-133.358,-1.7280000000000002,-11.499,28.391,-22.732,23.8,23.8,5.7,FF,0.784,11.0,67.0,230.609,1618.642,,
2013-10-01 21:20:01 -0400,4,Bottom,Johnny Cueto,Francisco Liriano,X,59.23,129.52,88.5,82.2,3.69,1.73,-0.52,4.01,1.262,3.127,-1.832,50.0,5.545,8.11,-129.503,-1.284,-0.8859999999999999,25.019,-25.241,23.8,-1.3,6.0,FC,0.908,12.0,56.0,187.281,782.9989999999998,,
2013-10-01 21:20:42 -0400,4,Bottom,Johnny Cueto,Starling Marte,B,80.69,124.34,92.4,85.7,3.32,1.53,-2.34,4.77,0.621,3.327,-1.867,50.0,5.395,7.483,-135.275,-1.217,-4.374,27.21,-23.181,23.8,7.1,5.1,FF,0.912,12.0,73.0,205.936,1072.501,,
2013-10-01 21:20:59 -0400,4,Bottom,Johnny Cueto,Starling Marte,B,103.86,169.24,83.4,77.2,3.51,1.53,-4.37,-2.45,-0.105,1.385,-2.17,50.0,5.19,6.343,-122.113,-1.743,-6.5870000000000015,24.321,-35.789,23.8,8.6,9.8,CH,0.91,13.0,39.0,298.759,892.685,,
2013-10-01 21:21:16 -0400,4,Bottom,Johnny Cueto,Starling Marte,X,114.16,142.47,92.9,86.5,3.51,1.53,-6.42,2.64,-0.425,2.627,-1.986,50.0,5.316,6.466,-136.035,-2.238,-12.172,26.575,-27.093000000000004,23.9,21.7,6.3,FF,0.546,4.0,37.0,247.342,1406.675,,
2013-10-01 21:25:41 -0400,4,Bottom,Sean Marshall,Neil Walker,B,134.76,169.24,88.2,81.3,3.68,1.68,10.93,7.56,-1.036,1.389,2.057,50.0,5.995,-11.458,-128.583,-7.87,18.305,26.524,-19.433,23.8,-37.4,6.4,FT,0.91,13.0,76.0,124.84,2516.368,,
2013-10-01 21:26:12 -0400,4,Bottom,Sean Marshall,Neil Walker,B,121.89,187.37,75.0,69.3,3.68,1.68,-7.0,-7.35,-0.58,0.685,2.261,50.0,6.1389999999999985,-4.1610000000000005,-109.847,-2.213,-8.37,23.244,-40.898,23.8,12.3,14.4,CU,0.899,13.0,28.0,316.187,1596.746,,
2013-10-01 21:27:11 -0400,4,Bottom,Sean Marshall,Neil Walker,B,169.1,192.55,84.2,78.5,3.68,1.68,-0.55,2.6,-2.0780000000000003,0.477,2.09,50.0,5.917000000000002,-9.952,-122.907,-7.427,-0.8370000000000001,23.769,-28.109,23.9,4.8,7.8,SL,0.8809999999999999,13.0,15.0,191.633,489.895,,
2013-10-01 21:27:49 -0400,4,Bottom,Sean Marshall,Neil Walker,S,116.74,142.47,88.2,81.7,3.68,1.68,9.72,4.35,-0.462,2.644,2.199,50.0,5.999,-10.017,-128.991,-3.717,16.465,25.546,-24.726,23.8,-29.8,7.0,FT,0.91,4.0,39.0,114.34,2032.499,,
2013-10-01 21:28:18 -0400,4,Bottom,Sean Marshall,Neil Walker,S,109.87,156.29,75.2,69.3,3.68,1.68,-8.64,-5.73,-0.338,1.914,2.144,50.0,6.223,-2.944,-110.222,-0.271,-10.432,22.889,-39.026,23.8,15.6,13.7,CU,0.907,7.0,33.0,303.2990000000001,1642.8010000000004,,
2013-10-01 21:28:57 -0400,4,Bottom,Sean Marshall,Neil Walker,S,145.06,158.01,75.1,68.7,3.68,1.68,-7.71,-8.13,-1.3219999999999998,2.023,2.07,50.0,6.2639999999999985,-5.142,-110.077,0.622,-9.196,24.701,-41.788,23.7,13.6,14.7,CU,0.903,13.0,20.0,316.274,1753.4229999999998,,
2013-10-01 21:29:34 -0400,4,Bottom,Sean Marshall,Neil Walker,X,94.42,155.42,74.0,68.4,3.68,1.68,-9.14,-6.66,0.14800000000000002,2.072,2.2030000000000003,50.0,6.204,-1.853,-108.51,0.57,-10.755999999999998,21.365,-39.935,23.8,15.5,14.3,CU,0.91,8.0,24.0,305.813,1773.356,,
2013-10-01 21:30:36 -0400,4,Bottom,Sean Marshall,Andrew McCutchen,B,8.58,125.2,67.1,62.4,3.47,1.55,6.46,5.8,2.77,3.329,2.435,50.0,6.827000000000001,-0.981,-98.374,-0.008,6.343,15.291,-26.403,23.9,-13.2,11.2,IN,0.0,12.0,0.0,132.298,1264.672,,
2013-10-01 21:30:47 -0400,4,Bottom,Sean Marshall,Andrew McCutchen,B,6.01,117.43,67.9,63.2,3.47,1.55,4.71,6.53,4.702,3.611,2.649,50.0,6.751,2.834,-99.475,0.313,4.743,15.336,-25.534,23.9,-11.4,10.5,IN,0.0,12.0,0.0,144.463,1190.087,,
2013-10-01 21:31:00 -0400,4,Bottom,Sean Marshall,Andrew McCutchen,B,7.73,137.29,66.3,62.4,3.47,1.55,5.66,6.94,3.713,2.699,2.485,50.0,6.766,0.948,-97.193,-1.28,5.4910000000000005,13.183,-25.365,23.9,-12.3,10.9,IN,0.0,12.0,0.0,141.11700000000005,1305.679,,
2013-10-01 21:31:12 -0400,4,Bottom,Sean Marshall,Andrew McCutchen,B,8.58,107.07,67.6,63.4,3.47,1.55,6.42,7.34,4.399,4.064,2.777,50.0,6.882999999999999,1.547,-99.118,0.73,6.474,13.845,-24.705,23.9,-15.1,10.2,IN,0.0,12.0,0.0,139.083,1446.7520000000004,,
2013-10-01 21:32:01 -0400,4,Bottom,Sean Marshall,Justin Morneau,S,125.32,165.78,84.8,79.3,3.44,1.58,0.62,1.23,-0.7340000000000001,1.577,2.132,50.0,6.033,-7.242000000000001,-124.002,-4.816,0.978,22.646,-30.163,23.9,0.3,8.0,SL,0.901,13.0,86.0,154.067,261.628,,
2013-10-01 21:32:33 -0400,4,Bottom,Sean Marshall,Justin Morneau,B,147.64,164.92,82.3,76.9,3.44,1.58,-0.68,-0.28,-1.4409999999999998,1.66,2.079,50.0,5.922999999999999,-8.174,-120.377,-3.3310000000000004,-1.006,22.063,-32.512,23.9,4.0,9.1,SL,0.913,13.0,27.0,288.572,127.903,,
2013-10-01 21:32:59 -0400,4,Bottom,Sean Marshall,Justin Morneau,B,177.68,178.73,85.0,79.2,3.44,1.58,0.84,2.25,-2.408,1.14,2.0,50.0,6.019,-11.08,-124.025,-6.141,1.314,23.844,-28.583,23.9,1.1,7.7,SL,0.79,13.0,16.0,159.903,447.296,,
2013-10-01 21:33:31 -0400,4,Bottom,Sean Marshall,Justin Morneau,B,151.07,168.37,75.6,69.4,3.44,1.58,-7.61,-6.36,-1.481,1.4880000000000002,2.168,50.0,6.192,-5.767,-110.718,-0.978,-9.21,24.298,-39.797,23.8,14.3,13.9,CU,0.901,13.0,26.0,309.615,1566.578,,
2013-10-01 21:34:05 -0400,4,Bottom,Sean Marshall,Justin Morneau,S,127.04,149.38,83.6,77.7,3.44,1.58,0.51,0.21,-0.865,2.317,2.205,50.0,6.087999999999999,-7.585,-122.39,-2.549,0.769,23.641,-31.779,23.8,1.0,8.6,SL,0.912,13.0,43.0,117.188,102.478,,
2013-10-01 21:34:36 -0400,4,Bottom,Sean Marshall,Justin Morneau,S,119.31,164.06,76.0,69.7,3.44,1.58,-6.41,-7.64,-0.526,1.646,2.149,50.0,6.15,-4.016,-111.338,-0.271,-7.855,24.479,-41.465,23.8,11.6,14.1,CU,0.8909999999999999,7.0,41.0,319.788,1585.3470000000002,,
2013-10-01 21:35:21 -0400,4,Bottom,Sean Marshall,Justin Morneau,S,106.44,151.1,84.6,78.5,3.44,1.58,0.39,2.54,-0.238,2.321,2.218,50.0,6.14,-6.135,-123.844,-3.593,0.606,24.279,-28.153,23.8,1.0,7.5,SL,0.9,4.0,22.0,171.43099999999995,476.36300000000006,,
2013-10-01 21:36:07 -0400,4,Bottom,Sean Marshall,Justin Morneau,S,56.65,134.7,89.5,82.5,3.44,1.58,2.94,6.16,1.368,2.9810000000000003,2.599,50.0,5.945,-4.1789999999999985,-131.179,-3.55,5.13,27.82,-21.367,23.8,-11.0,5.2,FF,0.911,12.0,25.0,154.608,1323.031,,
2013-10-01 21:37:02 -0400,4,Bottom,Sean Marshall,Justin Morneau,B,136.48,168.37,76.6,70.9,3.44,1.58,-5.97,-8.2,-1.117,1.519,2.234,50.0,6.113,-5.672999999999999,-112.151,-0.478,-7.49,23.024,-42.395,23.8,11.2,14.0,CU,0.879,13.0,55.0,323.767,1639.192,,
2013-10-01 21:40:13 -0400,4,Bottom,J.J. Hoover,Marlon Byrd,S,87.55,117.43,92.7,85.3,3.37,1.51,-3.9,7.29,0.42,3.746,-1.415,50.0,5.66,6.278,-135.822,-1.6840000000000002,-7.292000000000002,29.81,-18.492,23.8,17.5,4.3,FF,0.902,12.0,68.0,208.055,1656.047,,
2013-10-01 21:40:38 -0400,4,Bottom,J.J. Hoover,Marlon Byrd,X,52.36,139.88,92.6,86.0,3.37,1.51,-3.07,7.55,1.472,2.756,-1.115,50.0,5.705,8.023,-135.509,-4.584,-5.772,26.878,-17.922,23.8,12.7,4.2,FF,0.902,12.0,25.0,202.046,1646.23,,
2013-10-01 21:41:52 -0400,4,Bottom,J.J. Hoover,Pedro Alvarez,S,128.76,129.52,72.5,68.0,3.58,1.63,7.66,-8.62,-0.852,3.109,-1.64,50.0,6.021,-0.442,-106.267,3.847,8.851,16.524,-42.053,23.9,-11.9,14.8,CU,0.907,11.0,94.0,41.857,1810.839,,
2013-10-01 21:42:16 -0400,4,Bottom,J.J. Hoover,Pedro Alvarez,X,139.06,148.51,93.1,86.4,3.58,1.63,-4.29,7.6,-1.24,2.218,-1.5730000000000002,50.0,5.556,2.407,-136.357,-5.742000000000001,-8.146,27.769,-17.671,23.8,22.2,4.3,FF,0.902,13.0,50.0,209.321,1769.803,,
2013-10-01 21:45:20 -0400,5,Top,Francisco Liriano,Zack Cozart,S,68.67,145.06,91.8,84.7,3.47,1.56,7.5,6.38,0.976,2.444,0.498,50.0,5.62,-1.319,-134.591,-4.6,13.763,29.252,-20.396,23.8,-32.2,5.6,FF,0.909,14.0,66.0,130.55700000000002,1952.616,,
2013-10-01 21:45:33 -0400,5,Top,Francisco Liriano,Zack Cozart,B,84.12,104.48,93.6,86.2,3.47,1.56,9.52,4.68,0.5720000000000001,4.119,0.444,50.0,5.819,-3.007,-137.313,-0.331,18.177,30.531,-23.178,23.8,-37.0,6.2,FT,0.897,12.0,44.0,116.332,2142.824,,
2013-10-01 21:45:49 -0400,5,Top,Francisco Liriano,Zack Cozart,S,100.43,151.97,92.0,85.2,3.47,1.56,7.5,7.31,0.031,2.181,0.111,50.0,5.6160000000000005,-2.813,-134.805,-5.68,13.876,27.976,-18.575,23.8,-34.0,5.2,FF,0.913,8.0,28.0,134.423,2090.937,,
2013-10-01 21:46:07 -0400,5,Top,Francisco Liriano,Zack Cozart,S,65.24,147.65,85.9,80.5,3.47,1.56,9.0,3.18,1.104,2.271,0.196,50.0,5.827000000000001,-0.657,-125.984,-3.515,14.657,22.277,-26.92,23.9,-27.8,7.7,CH,0.901,14.0,49.0,109.721,1793.007,"That was pitch number 45 for Francisco Liriano; his effectiveness may start slipping, as he holds opposing hitters to a .218 average in the first 45 pitches but they hit .268 off him after that.",
2013-10-01 21:46:31 -0400,5,Top,Francisco Liriano,Zack Cozart,B,148.5,164.92,86.1,80.6,3.47,1.56,0.45,-0.76,-1.513,1.658,-0.027000000000000003,50.0,5.777,-3.867,-126.188,-3.641,0.741,23.251,-33.334,23.9,-0.2,8.4,SL,0.903,13.0,29.0,32.569,158.253,,
2013-10-01 21:46:48 -0400,5,Top,Francisco Liriano,Zack Cozart,B,75.54,181.33,87.7,82.0,3.47,1.56,1.09,2.41,0.713,0.865,0.295,50.0,5.652,0.7040000000000001,-128.431,-6.678,1.84,24.282,-28.039,23.9,-3.8,7.0,SL,0.913,14.0,36.0,156.013,511.255,,
2013-10-01 21:47:06 -0400,5,Top,Francisco Liriano,Zack Cozart,B,53.22,105.34,93.4,86.1,3.47,1.56,9.55,7.14,1.462,4.131,0.604,50.0,5.669,-1.033,-136.934,-0.7340000000000001,18.15,29.917,-18.535,23.8,-43.8,5.5,FT,0.898,12.0,29.0,126.924,2405.371,,
2013-10-01 21:48:12 -0400,5,Top,Francisco Liriano,Ryan Hanigan,S,87.55,164.06,85.0,79.2,3.24,1.52,9.23,3.4,0.345,1.609,0.201,50.0,5.575,-2.6060000000000003,-124.507,-4.356,14.602,23.287,-26.732,23.9,-27.2,7.9,CH,0.901,9.0,65.0,110.44,1815.779,,
2013-10-01 21:48:40 -0400,5,Top,Francisco Liriano,Ryan Hanigan,B,89.27,191.69,86.0,79.6,3.24,1.52,8.98,4.19,0.321,0.468,0.08,50.0,5.5379999999999985,-2.297,-125.851,-7.475,14.379,25.935,-25.396,23.8,-27.4,7.7,CH,0.902,14.0,27.0,115.239,1832.507,,
2013-10-01 21:49:12 -0400,5,Top,Francisco Liriano,Ryan Hanigan,X,88.41,133.84,93.3,85.3,3.24,1.52,9.42,6.24,0.333,2.997,0.478,50.0,5.3260000000000005,-3.677,-136.83100000000002,-2.482,17.697,32.898,-20.375,23.7,-38.8,5.8,FT,0.898,3.0,51.0,123.693,2255.169,,
2013-10-01 21:49:57 -0400,5,Top,Francisco Liriano,Chris Heisey,S,127.9,145.92,88.1,81.0,3.49,1.53,0.75,4.87,-0.757,2.43,0.309,50.0,5.676,-2.96,-129.082,-3.555,1.258,27.999,-23.922,23.8,-1.5,6.0,SL,0.917,13.0,72.0,171.334,938.177,,
2013-10-01 21:50:19 -0400,5,Top,Francisco Liriano,Chris Heisey,B,103.86,202.05,86.4,79.6,3.49,1.53,10.51,5.42,-0.11,0.059,0.14400000000000002,50.0,5.41,-4.025,-126.333,-8.597999999999999,16.869,27.47,-23.402,23.8,-32.5,7.6,CH,0.9,13.0,18.0,117.475,2183.465,,
2013-10-01 21:51:06 -0400,5,Top,Francisco Liriano,Chris Heisey,B,59.23,170.1,88.3,82.6,3.49,1.53,3.57,4.18,1.229,1.446,0.449,50.0,5.69,0.8079999999999999,-129.329,-6.033,6.127000000000002,23.878,-24.936,23.9,-13.5,6.3,SL,0.928,14.0,61.0,139.753,1063.789,,
2013-10-01 21:51:30 -0400,5,Top,Francisco Liriano,Chris Heisey,B,91.85,120.02,85.3,78.8,3.49,1.53,8.41,4.48,0.242,3.534,0.16699999999999998,50.0,5.75,-2.515,-125.111,-0.424,13.345999999999998,24.833,-24.989,23.8,-27.2,7.2,CH,0.903,12.0,40.0,118.297,1757.62,,
2013-10-01 21:51:55 -0400,5,Top,Francisco Liriano,Chris Heisey,S,72.96,138.15,91.9,84.5,3.49,1.53,7.8,5.98,0.894,2.773,0.192,50.0,5.535,-0.823,-134.804,-3.36,14.287,30.487,-21.135,23.8,-32.8,5.8,FF,0.542,12.0,55.0,127.693,1943.093,,
2013-10-01 21:52:20 -0400,5,Top,Francisco Liriano,Chris Heisey,X,109.87,152.83,87.0,80.8,3.49,1.53,-0.13,1.08,-0.252,2.214,0.224,50.0,5.66,-1.157,-127.569,-2.685,-0.217,25.362,-30.307,23.8,0.8,7.6,SL,0.906,4.0,26.0,186.628,213.754,"Francisco Liriano has Reds batters hitting the ball into the ground so far, getting 8 of his 15 outs on grounders.",
2013-10-01 21:55:48 -0400,5,Bottom,Alfredo Simon,Russell Martin,S,132.19,137.29,78.4,72.9,3.35,1.53,8.69,-7.15,-1.035,2.902,-2.116,50.0,6.442,-0.109,-115.016,1.151,11.615,21.797,-41.662,23.8,-15.6,13.1,SL,0.917,11.0,83.0,50.755,1891.769,,
2013-10-01 21:56:06 -0400,5,Bottom,Alfredo Simon,Russell Martin,S,104.72,137.29,90.6,84.1,3.35,1.53,-0.01,-0.86,-0.103,2.6860000000000004,-2.033,50.0,6.1389999999999985,5.0680000000000005,-132.715,-2.6460000000000004,-0.026,27.594,-33.642,23.8,-1.6,7.7,FC,0.8759999999999999,5.0,31.0,358.987,160.5,,
2013-10-01 21:56:30 -0400,5,Bottom,Alfredo Simon,Russell Martin,X,67.81,149.38,90.5,83.9,3.35,1.53,-0.83,0.36,1.091,2.354,-1.824,50.0,6.044,7.91,-132.42600000000002,-3.644,-1.483,27.785,-31.452,23.8,-0.1,7.3,FC,0.853,14.0,45.0,244.04,180.7,,
2013-10-01 21:57:08 -0400,5,Bottom,Alfredo Simon,Clint Barmes,X,102.15,132.11,95.7,88.9,3.47,1.56,-7.32,5.96,-0.117,3.039,-1.836,50.0,5.942,7.423999999999999,-140.166,-4.447,-14.709,28.664,-20.122,23.8,32.2,5.0,FF,0.59,2.0,48.0,230.669,1968.235,,
2013-10-01 21:57:55 -0400,5,Bottom,Alfredo Simon,Francisco Liriano,S,126.18,122.61,95.3,88.2,3.69,1.73,-7.88,2.04,-0.7440000000000001,3.374,-1.6469999999999998,50.0,6.18,5.327000000000001,-139.707,-2.679,-15.643,30.176,-28.044,23.8,26.9,6.6,FT,0.6729999999999999,11.0,65.0,255.21,1680.1029999999996,,
2013-10-01 21:58:39 -0400,5,Bottom,Alfredo Simon,Francisco Liriano,X,103.0,149.38,95.4,88.7,3.69,1.73,-7.36,2.77,-0.014,2.364,-1.68,50.0,6.023,7.256,-139.622,-5.317,-14.656,28.869,-26.59,23.8,25.6,6.2,FF,0.512,8.0,27.0,249.142,1629.6629999999998,,
2013-10-01 21:59:28 -0400,5,Bottom,Alfredo Simon,Starling Marte,S,114.16,143.33,89.8,83.7,3.51,1.53,0.23,1.46,-0.369,2.547,-2.006,50.0,5.982,4.189,-131.549,-3.293,0.41,25.581,-29.515,23.9,-2.2,6.9,FC,0.861,4.0,45.0,171.236,296.712,,
2013-10-01 21:59:51 -0400,5,Bottom,Alfredo Simon,Starling Marte,X,89.27,142.47,96.1,88.8,3.51,1.53,-5.34,5.66,0.426,2.644,-1.6669999999999998,50.0,5.86,7.752999999999999,-140.626,-5.216,-10.737,30.643,-20.725,23.8,22.6,4.8,FF,0.954,6.0,33.0,223.161,1619.2879999999998,,
2013-10-01 22:03:06 -0400,6,Top,Francisco Liriano,Shin-Soo Choo,S,90.99,127.79,93.3,85.7,3.25,1.53,10.25,6.48,0.28800000000000003,3.17,1.475,50.0,5.636,-6.787000000000001,-136.613,-2.958,19.338,30.672,-19.876,23.8,-41.0,5.9,FT,0.895,3.0,53.0,122.455,2433.729,,
2013-10-01 22:03:20 -0400,6,Top,Francisco Liriano,Shin-Soo Choo,B,114.16,107.93,86.4,79.7,3.25,1.53,-1.09,1.5,-0.387,4.016,1.221,50.0,5.988,-3.664,-126.644,0.998,-1.775,25.806,-29.658,23.8,4.8,7.4,SL,0.901,11.0,30.0,215.201,352.73,,
2013-10-01 22:03:35 -0400,6,Top,Francisco Liriano,Shin-Soo Choo,S,118.45,123.47,88.8,82.5,3.25,1.53,1.14,3.83,-0.588,3.341,1.175,50.0,5.792000000000002,-4.9289999999999985,-130.097,-1.374,1.976,25.124,-25.485,23.8,-2.4,6.0,SL,0.922,11.0,51.0,163.54399999999995,777.793,,
2013-10-01 22:03:56 -0400,6,Top,Francisco Liriano,Shin-Soo Choo,X,139.06,163.19,89.8,82.9,3.25,1.53,1.23,3.55,-1.107,1.707,0.928,50.0,5.735,-5.694,-131.53799999999998,-5.457999999999998,2.152,28.545,-25.896,23.8,-2.1,6.3,SL,0.916,13.0,54.0,161.08100000000005,731.975,,
2013-10-01 22:04:56 -0400,6,Top,Francisco Liriano,Ryan Ludwick,S,78.97,137.29,86.0,79.6,3.63,1.71,10.28,3.64,0.636,2.8280000000000003,0.258,50.0,5.801,-2.386,-126.129,-2.141,16.569000000000006,25.435,-26.234,23.8,-31.1,7.8,CH,0.9,6.0,63.0,109.723,2024.598,,
2013-10-01 22:05:17 -0400,6,Top,Francisco Liriano,Ryan Ludwick,B,169.96,160.6,92.7,85.7,3.63,1.71,9.23,6.39,-2.105,1.802,0.238,50.0,5.316,-9.5,-135.533,-5.6610000000000005,17.257,28.264,-20.156,23.8,-35.8,5.7,FT,0.902,13.0,43.0,124.855,2251.0460000000007,,
2013-10-01 22:05:35 -0400,6,Top,Francisco Liriano,Ryan Ludwick,B,139.06,128.65,92.7,85.6,3.63,1.71,7.41,7.17,-1.173,3.245,0.348,50.0,5.414,-6.672999999999999,-135.791,-2.351,13.901,28.425,-18.657,23.8,-33.2,4.9,FF,0.915,11.0,59.0,134.19899999999998,2071.5460000000007,,
2013-10-01 22:05:54 -0400,6,Top,Francisco Liriano,Ryan Ludwick,X,94.42,149.38,87.3,80.9,3.63,1.71,10.53,2.53,0.222,2.245,0.175,50.0,5.678,-3.342,-127.995,-3.17,17.515,25.807,-27.9,23.8,-30.6,8.1,CH,0.894,8.0,31.0,103.714,2043.521,,
2013-10-01 22:06:53 -0400,6,Top,Francisco Liriano,Joey Votto,S,109.01,134.7,89.0,82.1,3.58,1.67,0.97,4.99,-0.34,2.82,1.358,50.0,5.809,-4.6960000000000015,-130.45600000000002,-3.136,1.668,27.464,-23.495,23.8,-1.7,5.7,SL,0.925,4.0,60.0,169.123,982.842,,
2013-10-01 22:07:13 -0400,6,Top,Francisco Liriano,Joey Votto,B,164.81,173.55,88.9,83.2,3.58,1.67,1.64,0.76,-2.035,1.09,1.058,50.0,5.561,-8.524,-129.97799999999998,-5.555,2.84,24.372,-30.779,23.9,-2.6,7.4,SL,0.915,13.0,16.0,116.161,353.171,,
2013-10-01 22:07:36 -0400,6,Top,Francisco Liriano,Joey Votto,S,86.7,137.29,88.0,82.4,3.58,1.67,0.56,2.4,0.412,2.806,1.355,50.0,5.903,-2.605,-129.061,-2.483,0.96,22.94,-27.992,23.9,-1.1,6.7,SL,0.911,6.0,29.0,167.07299999999995,482.328,,
2013-10-01 22:08:03 -0400,6,Top,Francisco Liriano,Joey Votto,S,125.32,170.96,90.2,83.9,3.58,1.67,2.07,1.86,-0.715,1.3769999999999998,1.355,50.0,5.465,-6.117000000000001,-132.096,-5.1770000000000005,3.683,26.686,-28.803,23.8,-4.9,6.8,SL,0.8809999999999999,13.0,56.0,132.468,548.349,,
2013-10-01 22:08:51 -0400,6,Top,Francisco Liriano,Brandon Phillips,X,81.55,172.69,86.7,80.9,3.22,1.51,8.82,4.6,0.581,1.321,0.27,50.0,5.596,-2.107,-127.021,-5.893,14.550999999999998,23.763,-24.513,23.9,-29.0,7.2,CH,0.901,14.0,78.0,117.767,1878.227,,
2013-10-01 22:12:10 -0400,6,Bottom,Alfredo Simon,Neil Walker,B,142.49,125.2,77.3,72.0,3.68,1.68,8.16,-9.12,-1.281,3.357,-2.128,50.0,6.466,-0.477,-113.284,2.87,10.612,20.517,-43.965,23.9,-13.6,13.9,SL,0.923,11.0,84.0,41.986,2031.54,,
2013-10-01 22:12:27 -0400,6,Bottom,Alfredo Simon,Neil Walker,S,83.26,135.56,95.1,87.5,3.68,1.68,-4.36,7.42,0.482,2.926,-1.598,50.0,5.997999999999998,7.27,-139.15,-5.2410000000000005,-8.554,31.327,-17.563,23.8,20.4,4.1,FF,0.973,6.0,37.0,210.346,1765.211,,
2013-10-01 22:12:50 -0400,6,Bottom,Alfredo Simon,Neil Walker,S,98.71,145.92,77.4,72.3,3.68,1.68,6.55,-6.18,0.036000000000000004,2.508,-1.941,50.0,6.276,2.526,-113.531,0.501,8.575,20.322,-40.186,23.9,-12.5,12.7,SL,0.919,5.0,17.0,46.94300000000001,1499.652,,
2013-10-01 22:13:24 -0400,6,Bottom,Alfredo Simon,Neil Walker,B,111.59,190.82,88.1,81.6,3.68,1.68,-6.53,5.73,-0.422,0.477,-1.7,50.0,5.877999999999999,5.4060000000000015,-128.82399999999998,-9.32,-10.973,26.684,-22.471,23.8,22.2,6.3,FS,0.8590000000000001,13.0,23.0,228.514,1649.585,,
2013-10-01 22:13:51 -0400,6,Bottom,Alfredo Simon,Neil Walker,S,121.89,128.65,79.4,74.6,3.68,1.68,6.07,-4.7,-0.63,3.275,-1.817,50.0,6.3679999999999986,0.918,-116.429,1.207,8.45,18.978,-38.648,23.9,-12.5,11.4,SL,0.902,1.0,42.0,52.542,1326.432,,
2013-10-01 22:14:23 -0400,6,Bottom,Alfredo Simon,Neil Walker,X,78.11,120.88,95.5,88.2,3.68,1.68,-4.09,3.88,0.755,3.553,-1.578,50.0,5.938,7.922999999999999,-139.828,-2.184,-8.135,30.411,-24.387,23.8,14.6,5.2,FF,0.98,12.0,57.0,226.251,1168.408,,
2013-10-01 22:15:03 -0400,6,Bottom,Alfredo Simon,Andrew McCutchen,S,100.43,130.38,95.8,89.1,3.47,1.55,-3.91,6.44,-0.039,3.132,-1.801,50.0,5.9689999999999985,6.324,-140.313,-4.468,-7.885,28.119,-19.107,23.9,18.4,4.2,FF,0.985,2.0,47.0,211.107,1578.0020000000004,,
2013-10-01 22:15:24 -0400,6,Bottom,Alfredo Simon,Andrew McCutchen,S,73.82,157.15,80.8,75.9,3.47,1.55,4.85,-6.04,0.728,1.876,-1.917,50.0,6.122000000000001,4.724,-118.374,-1.271,6.942,20.803,-40.738,23.9,-10.5,11.8,SL,0.8859999999999999,14.0,49.0,39.027,1351.12,,
2013-10-01 22:15:48 -0400,6,Bottom,Alfredo Simon,Andrew McCutchen,S,70.39,131.24,91.5,85.1,3.47,1.55,1.01,1.67,0.908,2.999,-1.815,50.0,6.0520000000000005,6.879,-134.02700000000002,-2.634,1.844,26.932,-29.044,23.9,-6.0,6.6,FC,0.882,12.0,62.0,149.497,393.234,,
2013-10-01 22:16:15 -0400,6,Bottom,Alfredo Simon,Andrew McCutchen,B,51.5,150.24,83.8,78.2,3.47,1.55,1.74,-6.84,1.399,2.241,-1.926,50.0,5.972,7.5139999999999985,-122.655,-0.274,2.66,23.455,-42.563,23.9,-5.2,11.3,SL,0.743,14.0,19.0,14.36,1268.466,,
2013-10-01 22:16:38 -0400,6,Bottom,Alfredo Simon,Andrew McCutchen,B,51.5,171.83,91.8,86.4,3.47,1.55,1.64,1.97,1.531,1.385,-1.6909999999999998,50.0,5.832000000000002,8.033,-134.296,-6.551,3.053,24.281,-28.441,23.9,-8.3,6.5,FC,0.916,14.0,43.0,140.72299999999998,520.964,,
2013-10-01 22:17:06 -0400,6,Bottom,Alfredo Simon,Andrew McCutchen,B,65.24,171.83,96.4,89.1,3.47,1.55,-9.19,3.25,1.101,1.31,-1.482,50.0,5.735,10.505,-140.72299999999998,-7.707999999999998,-18.47,31.288,-25.567,23.8,30.9,6.4,FT,0.916,14.0,75.0,250.317,2022.325,,
2013-10-01 22:17:49 -0400,6,Bottom,Alfredo Simon,Andrew McCutchen,S,94.42,171.83,95.6,88.5,3.47,1.55,-8.06,3.7,0.234,1.236,-1.527,50.0,5.728,7.757999999999999,-139.833,-7.936,-15.995,30.833,-24.755,23.8,28.6,6.1,FT,0.807,14.0,54.0,245.116,1829.322,,
2013-10-01 22:18:25 -0400,6,Bottom,Alfredo Simon,Andrew McCutchen,X,128.76,138.15,96.3,88.8,3.47,1.55,-8.29,1.29,-0.899,2.838,-1.67,50.0,5.82,5.149,-141.173,-3.015,-16.718,32.457,-29.497,23.8,27.3,6.8,FT,0.799,11.0,63.0,260.902,1739.933,,
2013-10-01 22:22:23 -0400,6,Bottom,Manny Parra,Justin Morneau,X,120.17,128.65,91.0,84.4,3.44,1.58,6.83,4.67,-0.534,3.212,1.968,50.0,5.975,-8.942,-133.14,-2.805,12.364,26.317,-23.646,23.8,-23.8,5.9,FT,0.583,1.0,59.0,124.596,1636.661,,
2013-10-01 22:23:28 -0400,6,Bottom,Manny Parra,Marlon Byrd,B,118.45,181.33,95.3,87.6,3.37,1.51,5.13,9.13,-0.476,0.812,1.661,50.0,5.676,-7.69,-139.18,-10.744000000000002,10.018,32.441,-14.259,23.8,-26.4,3.9,FF,0.973,13.0,51.0,150.78799999999995,2139.563,,
2013-10-01 22:23:55 -0400,6,Bottom,Manny Parra,Marlon Byrd,B,151.07,141.61,95.0,87.4,3.37,1.51,3.99,7.36,-1.575,2.556,1.511,50.0,5.836,-9.876,-138.829,-5.746,7.7810000000000015,31.36,-17.754,23.8,-16.5,4.1,FF,0.994,11.0,21.0,151.65,1712.294,,
2013-10-01 22:24:25 -0400,6,Bottom,Manny Parra,Marlon Byrd,X,127.04,167.51,94.2,87.1,3.37,1.51,8.67,6.91,-0.89,1.507,1.858,50.0,5.765,-10.542,-137.475,-8.128,16.689,28.954,-18.801,23.8,-35.4,5.3,FT,0.997,13.0,72.0,128.70600000000002,2256.875,,
2013-10-01 22:25:16 -0400,6,Bottom,Manny Parra,Pedro Alvarez,B,163.09,155.42,84.2,78.6,3.58,1.63,0.25,-2.4,-1.908,1.927,1.971,50.0,5.904,-9.535,-123.172,-2.347,0.387,23.165,-35.813,23.9,1.9,9.5,CU,0.638,13.0,67.0,6.069,431.037,,
2013-10-01 22:25:44 -0400,6,Bottom,Manny Parra,Pedro Alvarez,S,132.19,126.06,83.3,77.8,3.58,1.63,-1.06,-0.19,-1.042,3.325,2.063,50.0,6.064,-7.1789999999999985,-122.024,0.067,-1.616,21.665,-32.386,23.9,4.9,8.6,CU,0.883,11.0,49.0,277.474,193.778,,
2013-10-01 22:26:14 -0400,6,Bottom,Manny Parra,Pedro Alvarez,S,92.7,113.98,83.1,77.1,3.58,1.63,-1.61,-1.01,0.214,3.794,2.269,50.0,6.059,-4.444,-121.76,1.524,-2.434,22.895,-33.621,23.8,5.5,9.0,CU,0.901,12.0,35.0,300.732,337.392,,
2013-10-01 22:26:59 -0400,6,Bottom,Manny Parra,Pedro Alvarez,B,191.42,168.37,95.7,88.2,3.58,1.63,5.77,6.13,-3.162,1.505,1.4780000000000002,50.0,5.619,-14.834,-139.371,-7.685,11.363,31.134,-20.028,23.8,-20.7,4.8,FF,0.706,13.0,35.0,136.909,1731.369,,
2013-10-01 22:27:30 -0400,6,Bottom,Manny Parra,Pedro Alvarez,S,133.91,165.78,83.9,78.3,3.58,1.63,-0.36,1.26,-1.043,1.5719999999999998,2.011,50.0,5.8260000000000005,-7.31,-122.799,-4.133,-0.551,22.95,-30.169,23.9,3.2,8.2,CU,0.8009999999999999,13.0,55.0,195.365,245.658,,
2013-10-01 22:30:33 -0400,7,Top,Francisco Liriano,Jay Bruce,S,106.44,157.15,86.1,79.9,3.76,1.71,4.75,1.19,-0.22,1.887,1.554,50.0,5.747999999999998,-5.96,-126.086,-3.567,7.667999999999998,25.061,-30.174,23.8,-12.0,7.9,CH,0.853,8.0,60.0,104.619,911.82,,
2013-10-01 22:30:47 -0400,7,Top,Francisco Liriano,Jay Bruce,S,109.01,121.75,85.9,79.9,3.76,1.71,-0.56,0.94,-0.28600000000000003,3.4730000000000003,1.3219999999999998,50.0,6.022,-3.829,-125.935,-0.232,-0.908,23.684,-30.571,23.9,2.9,7.7,SL,0.901,1.0,36.0,209.528,212.235,,
2013-10-01 22:31:05 -0400,7,Top,Francisco Liriano,Jay Bruce,X,109.01,164.06,87.9,81.9,3.76,1.71,0.02,4.32,-0.273,1.679,1.216,50.0,5.836,-3.801,-128.671,-5.731,0.025,24.669,-24.8,23.9,1.4,6.2,SL,0.908,13.0,39.0,179.808,831.433,,
2013-10-01 22:31:44 -0400,7,Top,Francisco Liriano,Todd Frazier,X,88.41,134.7,91.1,84.4,3.43,1.5,9.61,4.36,0.376,2.919,0.396,50.0,5.553,-3.355,-133.481,-2.378,17.439,27.232,-24.187,23.8,-34.2,6.7,FT,0.9,3.0,49.0,114.608,2084.751,,
2013-10-01 22:32:31 -0400,7,Top,Francisco Liriano,Zack Cozart,B,55.79,143.33,85.1,78.9,3.47,1.56,10.1,1.81,1.311,2.622,0.403,50.0,5.747000000000001,-0.995,-124.822,-1.776,15.955,24.74,-29.245,23.8,-28.0,8.6,CH,0.901,12.0,40.0,100.403,1885.408,,
2013-10-01 22:32:52 -0400,7,Top,Francisco Liriano,Zack Cozart,B,93.56,170.1,85.2,79.3,3.47,1.56,10.67,3.27,0.201,1.419,0.334,50.0,5.53,-3.758,-124.851,-4.715,16.948,23.656,-26.911,23.9,-30.4,8.2,CH,0.901,14.0,42.0,107.252,2062.148,,
2013-10-01 22:33:12 -0400,7,Top,Francisco Liriano,Zack Cozart,S,85.84,122.61,92.0,84.7,3.47,1.56,7.95,8.5,0.397,3.489,0.37,50.0,5.5779999999999985,-2.68,-134.91899999999998,-2.479,14.652,29.472,-16.434,23.8,-39.7,4.9,FT,0.8270000000000001,12.0,58.0,137.05100000000002,2312.339,,
2013-10-01 22:33:34 -0400,7,Top,Francisco Liriano,Zack Cozart,S,60.09,162.33,86.0,80.2,3.47,1.56,9.43,1.86,1.167,1.774,0.41,50.0,5.6320000000000014,-1.17,-126.103,-3.804,15.278,24.049,-29.093000000000004,23.9,-26.8,8.3,CH,0.901,14.0,57.0,101.402,1793.079,,
2013-10-01 22:34:00 -0400,7,Top,Francisco Liriano,Zack Cozart,S,126.18,160.6,86.8,80.8,3.47,1.56,0.23,-1.06,-0.7859999999999999,1.77,0.14300000000000002,50.0,5.686,-2.4130000000000003,-127.308,-3.135,0.379,25.243,-33.84,23.9,0.1,8.5,SL,0.907,13.0,54.0,12.815,194.706,,
2013-10-01 22:34:26 -0400,7,Top,Francisco Liriano,Zack Cozart,B,113.3,197.73,87.7,82.3,3.47,1.56,-1.83,0.18,-0.411,0.191,0.305,50.0,5.51,-1.216,-128.428,-7.308,-3.095,23.792,-31.795,23.9,5.7,7.9,SL,0.904,13.0,26.0,263.018,352.237,,
2013-10-01 22:34:53 -0400,7,Top,Francisco Liriano,Zack Cozart,X,92.7,145.06,86.6,80.9,3.47,1.56,-1.08,0.03,0.17600000000000002,2.497,0.345,50.0,5.67,-0.069,-126.99,-1.628,-1.79,23.37,-32.049,23.9,3.2,7.9,SL,0.902,5.0,18.0,266.005,204.99400000000003,,
2013-10-01 22:35:41 -0400,7,Top,Francisco Liriano,Ryan Hanigan,S,80.69,165.78,86.7,81.0,3.24,1.52,8.93,3.12,0.539,1.584,0.34,50.0,5.659,-2.423,-127.082,-4.912,14.74,23.678,-26.956,23.9,-27.2,7.7,CH,0.901,9.0,72.0,109.495,1785.062,,
2013-10-01 22:36:13 -0400,7,Top,Francisco Liriano,Ryan Hanigan,B,139.06,153.69,93.8,86.0,3.24,1.52,9.59,5.37,-1.218,2.072,0.179,50.0,5.34,-7.141,-137.235,-4.782,18.188,31.874,-21.906,23.8,-35.8,6.1,FT,0.8959999999999999,13.0,61.0,119.447,2207.993,,
2013-10-01 22:36:37 -0400,7,Top,Francisco Liriano,Ryan Hanigan,B,59.23,168.37,86.8,80.5,3.24,1.52,10.57,4.57,1.246,1.412,0.307,50.0,5.555,-1.09,-127.201,-5.521,17.342,25.641,-24.595,23.8,-33.7,7.6,CH,0.898,14.0,63.0,113.607,2158.57,,
2013-10-01 22:37:07 -0400,7,Top,Francisco Liriano,Ryan Hanigan,S,147.64,158.88,86.3,80.0,3.24,1.52,-0.61,2.8,-1.4680000000000002,1.914,0.133,50.0,5.682,-3.799,-126.434,-3.897,-0.991,25.299,-27.556,23.8,3.4,7.1,SL,0.902,13.0,23.0,192.11,541.962,"Francisco Liriano has thrown 82 pitches but has plenty left in the tank, with his fastball sitting at 93 over the past 10 pitches.",
2013-10-01 22:37:34 -0400,7,Top,Francisco Liriano,Ryan Hanigan,S,106.44,169.24,86.4,80.2,3.24,1.52,0.05,0.6,-0.223,1.422,0.219,50.0,5.601,-1.123,-126.688,-4.243,0.079,25.497,-31.124,23.8,0.2,7.9,SL,0.904,13.0,38.0,175.699,120.582,,
2013-10-01 22:38:04 -0400,7,Top,Francisco Liriano,Ryan Hanigan,X,99.57,169.24,85.9,80.1,3.24,1.52,2.65,0.28,0.058,1.423,0.332,50.0,5.567,-1.5419999999999998,-125.844,-3.981,4.2780000000000005,23.711,-31.641,23.9,-7.1,8.2,SL,0.892,14.0,33.0,97.102,496.999,,
2013-10-01 22:41:37 -0400,7,Bottom,Logan Ondrusek,Russell Martin,S,84.12,142.47,95.8,88.4,3.35,1.53,-2.36,9.92,0.542,2.537,-0.996,50.0,6.324,5.113,-140.196,-8.27,-4.71,30.937,-12.315,23.8,14.4,3.0,FF,0.96,6.0,55.0,193.341,2112.0660000000007,,
2013-10-01 22:41:52 -0400,7,Bottom,Logan Ondrusek,Russell Martin,B,109.01,183.92,77.4,72.9,3.35,1.53,6.15,-8.33,-0.267,0.711,-0.89,50.0,6.41,-0.396,-113.497,-3.205,8.047,20.155,-43.003,23.9,-10.4,13.6,SL,0.914,13.0,22.0,36.615,1724.563,,
2013-10-01 22:42:07 -0400,7,Bottom,Logan Ondrusek,Russell Martin,B,72.1,127.79,77.9,72.8,3.35,1.53,6.44,-7.22,0.825,3.303,-0.865,50.0,6.681,1.927,-114.29,1.591,8.551,20.398,-41.682,23.9,-12.0,12.9,SL,0.916,12.0,57.0,41.966,1623.236,,
2013-10-01 22:42:22 -0400,7,Bottom,Logan Ondrusek,Russell Martin,S,116.74,140.74,96.5,88.8,3.35,1.53,-3.08,8.52,-0.488,2.6010000000000004,-0.73,50.0,6.354,1.79,-141.313,-7.789,-6.2189999999999985,32.68,-14.906,23.8,19.2,3.6,FF,0.955,4.0,36.0,199.805,1884.277,,
2013-10-01 22:42:43 -0400,7,Bottom,Logan Ondrusek,Russell Martin,S,78.11,151.1,97.0,89.4,3.35,1.53,-2.7,9.03,0.621,2.1790000000000003,-0.723,50.0,6.222,4.747,-141.869,-8.887,-5.505,32.149,-13.677,23.8,15.9,3.2,FF,0.958,6.0,45.0,196.572,1973.537,,
2013-10-01 22:43:02 -0400,7,Bottom,Logan Ondrusek,Russell Martin,B,99.57,109.66,97.2,89.6,3.35,1.53,-2.57,5.85,-0.041,3.945,-0.6940000000000001,50.0,6.359,2.778,-142.565,-3.234,-5.2970000000000015,32.66,-20.058,23.8,12.7,4.2,FF,0.959,11.0,20.0,203.613,1345.641,,
2013-10-01 22:43:17 -0400,7,Bottom,Logan Ondrusek,Russell Martin,X,97.85,139.88,95.9,88.5,3.35,1.53,-2.99,6.11,0.005,2.642,-0.789,50.0,6.204,3.281,-140.451,-6.296,-5.984,31.538,-19.889,23.8,13.9,4.4,FF,0.958,5.0,23.0,205.969,1411.51,,
2013-10-01 22:44:00 -0400,7,Bottom,Logan Ondrusek,Clint Barmes,S,71.24,153.69,76.5,71.8,3.47,1.56,5.63,-7.04,0.895,2.107,-0.591,50.0,6.5539999999999985,1.672,-112.177,-0.609,7.215,19.285,-41.118,23.9,-10.2,13.2,SL,0.914,14.0,82.0,38.892,1486.175,,
2013-10-01 22:44:13 -0400,7,Bottom,Logan Ondrusek,Clint Barmes,S,84.98,125.2,96.6,89.1,3.47,1.56,-4.42,5.25,0.496,3.384,-0.532,50.0,6.4910000000000005,4.479,-141.565,-4.852,-8.976,32.126,-21.439,23.8,19.6,4.8,FF,0.932,3.0,49.0,219.899,1434.044,,
2013-10-01 22:44:32 -0400,7,Bottom,Logan Ondrusek,Clint Barmes,B,16.31,158.01,91.9,86.1,3.47,1.56,4.19,1.97,2.528,1.944,-0.512,50.0,6.247999999999998,6.657,-134.45600000000002,-6.149,7.761,25.883000000000006,-28.45,23.9,-16.7,6.7,FC,0.966,14.0,31.0,115.634,928.827,,
2013-10-01 22:44:45 -0400,7,Bottom,Logan Ondrusek,Clint Barmes,X,75.54,166.65,80.5,75.6,3.47,1.56,5.23,-6.07,0.667,1.548,-0.6940000000000001,50.0,6.358,1.59,-117.981,-2.516,7.41,21.185,-40.703,23.9,-10.5,11.9,SL,0.92,14.0,54.0,40.983,1389.325,,
2013-10-01 22:45:32 -0400,7,Bottom,Logan Ondrusek,Travis Snider,S,109.87,146.79,76.1,71.2,3.59,1.66,6.88,-7.9,-0.263,2.419,-0.988,50.0,6.516,-0.373,-111.559,0.509,8.698,19.522,-42.09,23.9,-11.6,13.7,SL,0.914,4.0,58.0,41.255,1715.34,,
2013-10-01 22:45:58 -0400,7,Bottom,Logan Ondrusek,Travis Snider,B,53.22,185.64,95.7,88.0,3.59,1.66,-2.94,9.35,1.47,0.795,-0.37,50.0,6.257999999999999,6.117000000000001,-139.613,-12.548,-5.79,32.384,-13.707,23.8,15.0,3.5,FF,0.958,14.0,22.0,197.406,2011.1,,
2013-10-01 22:46:15 -0400,7,Bottom,Logan Ondrusek,Travis Snider,B,43.78,130.38,91.8,85.5,3.59,1.66,4.53,3.44,1.621,3.073,-0.509,50.0,6.4110000000000005,4.107,-134.53,-4.065,8.362,27.014,-25.747,23.9,-18.9,6.2,FC,0.961,12.0,29.0,127.547,1137.347,,
2013-10-01 22:46:30 -0400,7,Bottom,Logan Ondrusek,Travis Snider,S,81.55,141.61,96.0,88.5,3.59,1.66,-2.04,7.14,0.574,2.721,-0.424,50.0,6.396,3.505,-140.571,-6.9929999999999986,-4.093,31.749,-17.805999999999994,23.8,9.8,4.0,FF,0.962,6.0,37.0,195.899,1541.8629999999996,,
2013-10-01 22:46:58 -0400,7,Bottom,Logan Ondrusek,Travis Snider,B,13.73,133.84,96.1,89.1,3.59,1.66,-1.26,8.35,2.6210000000000004,3.013,-0.159,50.0,6.4,8.197000000000001,-140.55700000000002,-6.688,-2.54,29.631,-15.261,23.8,3.0,3.4,FF,0.959,12.0,26.0,188.539,1765.28,,
2013-10-01 22:47:25 -0400,7,Bottom,Logan Ondrusek,Travis Snider,S,60.94,139.02,90.8,85.2,3.59,1.66,5.42,0.19,1.243,2.718,-0.434,50.0,6.294,2.567,-133.064,-3.452,9.877,24.305,-31.756,23.9,-17.6,7.5,FC,0.966,12.0,51.0,92.423,1077.842,,
2013-10-01 22:47:49 -0400,7,Bottom,Logan Ondrusek,Travis Snider,S,128.76,124.34,95.3,88.0,3.59,1.66,-5.99,4.96,-0.93,3.353,-0.8220000000000001,50.0,6.157,1.851,-139.762,-3.709,-11.874,31.098000000000006,-22.273000000000003,23.8,26.4,5.3,FF,0.74,11.0,58.0,230.176,1604.84,,
2013-10-01 22:48:22 -0400,7,Bottom,Logan Ondrusek,Starling Marte,B,32.62,150.24,95.5,87.9,3.51,1.53,-2.88,8.54,2.022,2.285,-0.411,50.0,6.3610000000000015,7.733,-139.60299999999998,-8.46,-5.6770000000000005,31.798,-15.258,23.8,13.1,3.6,FF,0.957,14.0,39.0,198.55,1854.3,,
2013-10-01 22:48:36 -0400,7,Bottom,Logan Ondrusek,Starling Marte,B,127.04,167.51,76.2,71.4,3.51,1.53,4.84,-6.35,-0.805,1.483,-0.762,50.0,6.349,-1.483,-111.772,-1.655,6.127999999999999,19.856,-40.147,23.9,-8.3,13.0,SL,0.912,13.0,58.0,37.545,1305.239,,
2013-10-01 22:48:55 -0400,7,Bottom,Logan Ondrusek,Starling Marte,S,84.98,162.33,95.6,88.1,3.51,1.53,-5.55,3.55,0.444,1.778,-0.733,50.0,6.047999999999999,5.237,-139.994,-7.2429999999999986,-10.979,32.626999999999995,-25.075,23.8,20.2,5.8,FF,0.878,9.0,45.0,237.113,1354.9,,
2013-10-01 22:49:15 -0400,7,Bottom,Logan Ondrusek,Starling Marte,B,103.0,108.8,95.7,87.6,3.51,1.53,-4.65,6.95,0.038,3.986,-0.4270000000000001,50.0,6.3260000000000005,2.9530000000000003,-140.27,-3.147,-9.219,33.506,-18.336,23.8,24.1,4.3,FF,0.916,12.0,20.0,213.671,1719.766,"Dangerous count for Logan Ondrusek; Starling Marte is a dead-red fastball hitter, with a .873 OPS against them this season and .774 against everything else.",
2013-10-01 22:49:36 -0400,7,Bottom,Logan Ondrusek,Starling Marte,S,84.12,140.74,94.6,87.3,3.51,1.53,-3.38,7.74,0.416,2.725,-0.39,50.0,6.295,3.409,-138.472,-6.66,-6.586,30.189,-17.027,23.8,17.7,4.0,FF,0.953,6.0,37.0,203.498,1730.486,,
2013-10-01 22:50:02 -0400,7,Bottom,Logan Ondrusek,Starling Marte,S,101.29,108.8,76.3,70.2,3.51,1.53,6.14,-7.82,0.07200000000000001,4.072,-0.688,50.0,6.601,-0.08,-111.823,3.968,7.701,22.016,-41.899,23.8,-10.6,13.6,SL,0.913,12.0,16.0,38.374,1609.399,,
2013-10-01 22:50:28 -0400,7,Bottom,Logan Ondrusek,Starling Marte,X,68.67,151.1,94.2,87.4,3.51,1.53,-1.15,6.4,1.0,2.193,-0.516,50.0,6.151,4.545,-137.889,-7.197,-2.22,28.781,-19.695,23.8,3.6,4.4,FF,0.948,14.0,51.0,190.086,1333.5770000000002,,
2013-10-01 22:53:35 -0400,8,Top,Tony Watson,Devin Mesoraco,B,132.19,158.88,94.5,87.0,3.21,1.47,11.88,6.57,-1.024,1.807,2.797,50.0,5.0939999999999985,-14.608,-137.746,-5.379,22.892,29.747,-19.445,23.8,-43.9,6.0,SI,0.0,13.0,71.0,119.077,2758.7209999999995,,
2013-10-01 22:53:52 -0400,8,Top,Tony Watson,Devin Mesoraco,S,100.43,127.79,86.1,78.8,3.21,1.47,13.23,6.29,-0.002,3.302,2.926,50.0,5.3,-11.515,-125.692,-0.5,21.108,26.209,-22.069000000000006,23.8,-40.2,7.4,CH,0.907,11.0,33.0,115.582,2701.155,,
2013-10-01 22:54:10 -0400,8,Top,Tony Watson,Devin Mesoraco,S,130.47,120.88,94.9,86.8,3.21,1.47,10.43,7.7,-0.917,3.49,2.819,50.0,5.254,-13.903,-138.446,-1.671,20.205,31.544,-17.189,23.8,-44.1,5.1,SI,0.0,11.0,74.0,126.563,2636.042,,
2013-10-01 22:54:28 -0400,8,Top,Tony Watson,Devin Mesoraco,S,132.19,147.65,95.0,87.6,3.21,1.47,9.99,4.48,-0.904,2.37,2.873,50.0,5.073,-13.917,-138.597,-3.154,19.531,29.597,-23.341,23.8,-34.7,6.1,SI,0.0,11.0,55.0,114.336,2243.792,,
2013-10-01 22:55:07 -0400,8,Top,Tony Watson,Devin Mesoraco,S,141.63,129.52,95.3,86.8,3.21,1.47,10.16,7.99,-1.3330000000000002,3.161,2.649,50.0,5.222,-14.502,-139.035,-2.61,19.733,33.388000000000005,-16.572,23.7,-43.4,5.0,SI,0.0,11.0,40.0,128.333,2624.92,,
2013-10-01 22:55:36 -0400,8,Top,Tony Watson,Devin Mesoraco,S,93.56,158.01,86.4,79.4,3.21,1.47,13.32,3.67,0.234,1.832,2.918,50.0,5.056,-10.986,-126.233,-2.761,21.426,26.472,-26.195,23.8,-35.7,8.3,CH,0.905,8.0,32.0,105.592,2556.547,,
2013-10-01 22:56:02 -0400,8,Top,Tony Watson,Devin Mesoraco,X,133.05,144.2,95.0,86.7,3.21,1.47,10.8,8.42,-0.997,2.431,2.818,50.0,5.181,-14.238,-138.575,-4.606,20.882,32.698,-15.823,23.7,-46.1,5.1,SI,0.0,11.0,56.0,128.062,2776.659,,
2013-10-01 22:56:37 -0400,8,Top,Tony Watson,Shin-Soo Choo,S,85.84,138.15,95.5,87.7,3.25,1.53,9.57,5.72,0.474,2.6860000000000004,2.968,50.0,5.105,-10.303,-139.69299999999998,-2.895,18.893,31.644,-20.812,23.8,-37.7,5.6,SI,0.0,3.0,54.0,121.023,2289.6220000000008,,
2013-10-01 22:56:54 -0400,8,Top,Tony Watson,Shin-Soo Choo,B,80.69,164.92,95.1,88.0,3.25,1.53,11.96,2.52,0.604,1.564,3.0660000000000003,50.0,4.982,-11.050999999999998,-138.94,-4.466,23.54,29.229,-27.139,23.8,-37.2,7.3,SI,0.0,9.0,61.0,102.073,2513.594,,
2013-10-01 22:57:13 -0400,8,Top,Tony Watson,Shin-Soo Choo,B,128.76,186.51,84.5,79.1,3.25,1.53,0.3,0.93,-0.795,0.621,2.988,50.0,5.011,-9.356,-123.439,-4.4830000000000005,0.475,22.177,-30.654,23.9,1.8,8.1,SL,0.902,13.0,39.0,162.648,187.166,,
2013-10-01 22:57:35 -0400,8,Top,Tony Watson,Shin-Soo Choo,S,67.81,155.42,94.7,86.6,3.25,1.53,11.94,7.64,1.005,1.976,3.0580000000000003,50.0,5.0760000000000005,-9.821,-138.44899999999998,-5.269,23.023000000000003,32.728,-17.355,23.7,-48.2,5.9,SI,0.0,14.0,60.0,122.768,2869.095,,
2013-10-01 22:57:57 -0400,8,Top,Tony Watson,Shin-Soo Choo,S,98.71,133.84,94.5,87.1,3.25,1.53,11.99,7.44,0.08800000000000001,2.965,3.0860000000000003,50.0,5.175,-12.446,-138.03799999999998,-2.802,23.255,29.105,-17.660999999999994,23.8,-48.5,5.8,SI,0.0,2.0,39.0,121.968,2881.015,,
2013-10-01 22:58:21 -0400,8,Top,Tony Watson,Shin-Soo Choo,S,66.09,158.88,94.8,87.2,3.25,1.53,12.57,1.95,1.0659999999999998,1.919,3.011,50.0,5.056,-9.785,-138.586,-3.407,24.419,31.195,-28.314,23.8,-37.5,7.6,SI,0.0,14.0,62.0,98.983,2588.034,,
2013-10-01 22:58:48 -0400,8,Top,Tony Watson,Shin-Soo Choo,X,90.13,158.01,83.5,77.6,3.25,1.53,-1.7,-1.5,0.301,1.981,3.124,50.0,5.3020000000000005,-6.2879999999999985,-122.3,-0.916,-2.584,23.622,-34.371,23.8,6.1,9.3,SL,0.912,9.0,30.0,310.373,402.344,,
2013-10-01 23:02:48 -0400,8,Top,Tony Watson,Ryan Ludwick,S,82.4,137.29,85.6,78.3,3.63,1.71,12.09,4.17,0.484,2.748,2.94,50.0,5.289,-9.908,-125.082,-1.071,19.019,26.806,-25.545,23.7,-33.4,8.0,CH,0.905,6.0,56.0,109.216,2336.1020000000008,,
2013-10-01 23:03:17 -0400,8,Top,Tony Watson,Ryan Ludwick,B,155.36,170.96,94.9,87.3,3.63,1.71,10.74,6.78,-1.653,1.466,2.642,50.0,5.073,-15.531,-138.109,-6.364,20.788,30.228,-18.982,23.8,-40.7,5.6,SI,0.0,13.0,45.0,122.4,2586.291,,
2013-10-01 23:03:35 -0400,8,Top,Tony Watson,Ryan Ludwick,X,79.83,173.55,94.2,87.3,3.63,1.71,10.57,3.81,0.5579999999999999,1.234,2.9360000000000004,50.0,5.038,-10.224,-137.687,-5.829,20.41,28.827,-24.74,23.8,-35.3,6.7,SI,0.0,14.0,43.0,110.014,2288.775,,
2013-10-01 23:04:23 -0400,8,Top,Tony Watson,Joey Votto,B,101.29,166.65,94.2,86.3,3.58,1.67,13.6,3.88,-0.099,1.656,2.955,50.0,5.026,-13.055,-137.52700000000002,-4.574,25.914,31.898000000000003,-24.703000000000007,23.8,-41.8,7.4,SI,0.0,13.0,52.0,106.083,2845.027,,
2013-10-01 23:04:44 -0400,8,Top,Tony Watson,Joey Votto,X,84.98,157.15,94.7,86.9,3.58,1.67,13.19,3.58,0.474,2.016,2.94,50.0,5.051,-11.402,-138.385,-3.666,25.5,31.847,-25.18,23.8,-41.4,7.3,SI,0.0,9.0,52.0,105.338,2772.065,,
2013-10-01 23:05:33 -0400,8,Top,Tony Watson,Brandon Phillips,B,139.91,151.97,94.7,86.3,3.22,1.51,10.86,9.49,-1.203,2.196,2.761,50.0,5.105,-14.599,-138.094,-5.3420000000000005,20.802,33.051,-13.925999999999998,23.7,-48.8,4.9,SI,0.0,13.0,63.0,131.259,2907.1020000000008,,
2013-10-01 23:06:00 -0400,8,Top,Tony Watson,Brandon Phillips,S,105.58,139.02,94.9,86.4,3.22,1.51,12.36,10.01,-0.17,2.658,2.845,50.0,5.145,-12.589,-138.606,-4.438,23.829,33.464,-12.786,23.7,-56.4,5.3,SI,0.0,2.0,36.0,129.134,3215.443,,
2013-10-01 23:06:28 -0400,8,Top,Tony Watson,Brandon Phillips,S,134.76,141.61,95.1,86.7,3.37,1.62,12.6,4.58,-1.083,2.6210000000000004,2.6060000000000003,50.0,5.1389999999999985,-14.527,-138.635,-2.612,24.334,33.099000000000004,-23.244,23.7,-41.2,6.7,SI,0.0,11.0,56.0,110.152,2712.551,,
2013-10-01 23:06:54 -0400,8,Top,Tony Watson,Brandon Phillips,X,99.57,148.51,94.5,85.8,3.22,1.51,10.97,6.27,0.001,2.405,2.8160000000000003,50.0,5.132999999999999,-11.487,-138.116,-3.678,20.903,34.786,-20.154,23.7,-40.6,5.9,SI,0.0,5.0,25.0,119.901,2532.804,,
2013-10-01 23:10:25 -0400,8,Bottom,Sam LeCure,Neil Walker,S,91.85,185.64,70.0,66.1,3.68,1.68,3.94,-6.91,0.233,0.6890000000000001,-2.089,50.0,6.182,3.667,-102.526,-1.399,4.215,16.323,-39.489,23.9,-6.6,15.1,KC,0.905,14.0,54.0,29.95,1194.643,,
2013-10-01 23:10:48 -0400,8,Bottom,Sam LeCure,Neil Walker,S,102.15,165.78,79.9,75.2,3.68,1.68,-4.98,-2.16,-0.134,1.509,-1.988,50.0,5.8679999999999986,5.816,-117.001,-2.57,-7.006,19.081,-35.131,23.9,9.9,10.3,CH,0.928,13.0,40.0,292.883,942.934,,
2013-10-01 23:11:20 -0400,8,Bottom,Sam LeCure,Neil Walker,S,106.44,132.97,86.3,80.4,3.68,1.68,-6.93,6.8,-0.166,3.075,-1.934,50.0,6.0,6.694,-126.305,-3.149,-11.341,22.665,-20.974,23.9,25.3,5.9,FT,0.8690000000000001,2.0,40.0,225.357,1830.831,,
2013-10-01 23:11:48 -0400,8,Bottom,Sam LeCure,Neil Walker,B,89.27,189.1,72.1,68.0,3.68,1.68,3.99,-7.59,0.315,0.603,-1.948,50.0,6.096,3.645,-105.662,-1.733,4.526,17.362000000000002,-40.713,23.9,-6.9,14.7,KC,0.904,14.0,36.0,27.924,1326.951,,
2013-10-01 23:12:18 -0400,8,Bottom,Sam LeCure,Neil Walker,B,67.81,145.92,87.0,81.1,3.68,1.68,-6.35,4.66,0.917,2.405,-1.829,50.0,5.824,9.015,-127.158,-3.795,-10.522,23.044,-24.383000000000006,23.9,19.7,6.5,FT,0.6659999999999999,14.0,58.0,233.481,1493.755,,
2013-10-01 23:13:00 -0400,8,Bottom,Sam LeCure,Neil Walker,B,113.3,187.37,81.9,76.7,3.68,1.68,-4.88,0.79,-0.373,0.561,-2.129,50.0,5.685,5.675,-119.78,-5.642,-7.154,21.221,-30.949,23.9,11.2,9.0,CH,0.937,13.0,28.0,260.283,879.1080000000002,,
2013-10-01 23:13:30 -0400,8,Bottom,Sam LeCure,Neil Walker,X,115.02,156.29,87.7,80.9,3.68,1.68,-8.87,5.09,-0.371,2.075,-1.876,50.0,5.6960000000000015,6.734,-128.388,-4.516,-14.802,26.731,-23.615,23.8,28.8,6.8,FT,0.899,7.0,50.0,239.961,1932.118,,
2013-10-01 23:14:24 -0400,8,Bottom,Sam LeCure,Andrew McCutchen,X,107.3,145.92,73.4,69.4,3.47,1.55,3.38,-4.96,-0.162,2.331,-1.999,50.0,6.167000000000002,2.988,-107.641,0.674,4.0360000000000005,15.795,-38.01300000000001,23.9,-6.6,12.9,KC,0.903,5.0,55.0,34.652,956.682,,
2013-10-01 23:15:05 -0400,8,Bottom,Sam LeCure,Justin Morneau,X,103.0,148.51,89.9,83.4,3.44,1.58,-3.21,6.42,-0.035,2.265,-1.957,50.0,5.806,6.091,-131.537,-5.231,-5.666,26.216,-20.777,23.8,11.7,5.1,FF,0.913,5.0,40.0,206.433,1403.8,,
2013-10-01 23:18:23 -0400,9,Top,Jason Grilli,Jay Bruce,B,105.58,109.66,91.9,84.1,3.76,1.71,-5.13,7.88,-0.168,4.0539999999999985,-2.8710000000000004,50.0,5.975,8.924,-134.458,-1.743,-9.341,30.374,-17.746,23.8,22.1,4.4,FF,0.901,11.0,60.0,212.919,1854.542,,
2013-10-01 23:18:44 -0400,9,Top,Jason Grilli,Jay Bruce,S,82.4,132.97,92.1,85.2,3.76,1.71,-5.7,5.26,0.597,3.027,-2.839,50.0,5.869,11.123,-134.593,-3.362,-10.51,27.846,-22.403,23.8,19.8,5.4,FF,0.901,6.0,44.0,227.086,1546.829,,
2013-10-01 23:19:05 -0400,9,Top,Jason Grilli,Jay Bruce,B,151.93,132.97,83.8,78.0,3.76,1.71,-6.94,4.61,-1.551,2.928,-3.22,50.0,5.834,6.261,-122.741,-1.94,-10.705,21.789,-24.99,23.9,20.9,7.1,CH,0.903,11.0,19.0,236.134,1523.832,,
2013-10-01 23:19:27 -0400,9,Top,Jason Grilli,Jay Bruce,S,99.57,148.51,91.6,84.9,3.76,1.71,-5.42,9.08,-0.002,2.3480000000000003,-2.903,50.0,5.845,9.561,-133.874,-6.353,-9.91,26.662,-15.49,23.8,25.8,4.1,FF,0.8959999999999999,8.0,27.0,210.708,2102.933,,
2013-10-01 23:19:54 -0400,9,Top,Jason Grilli,Jay Bruce,S,139.06,97.57,92.7,85.1,3.76,1.71,-3.52,7.72,-1.161,4.47,-2.89,50.0,6.006,5.859,-135.861,-0.8140000000000001,-6.569,30.251,-17.7,23.8,16.5,4.1,FF,0.897,11.0,47.0,204.409,1697.328,,
2013-10-01 23:20:28 -0400,9,Top,Jason Grilli,Todd Frazier,X,103.86,155.42,81.0,76.0,3.43,1.5,7.02,-5.52,-0.256,2.125,-3.0210000000000004,50.0,6.223,4.352,-118.698,-1.109,10.078,21.429,-40.027,23.9,-14.9,11.7,SL,0.901,7.0,60.0,52.073,1561.588,,
2013-10-01 23:21:11 -0400,9,Top,Jason Grilli,Zack Cozart,X,99.57,162.33,92.4,85.1,3.47,1.56,-5.95,5.61,-0.031,1.681,-2.794,50.0,5.751,9.414,-135.05,-6.754,-10.957,30.133000000000006,-21.758000000000006,23.8,21.1,5.5,FF,0.901,8.0,51.0,226.449,1624.042,,
2013-09-30 20:08:03 -0400,1,Top,Martin Perez,Desmond Jennings,X,112.45,151.97,94.8,87.6,3.46,1.52,3.33,9.38,-0.371,2.218,1.414,50.0,5.434,-6.091,-138.741,-6.33,6.533,29.558000000000003,-13.715,23.8,-19.3,3.3,FF,0.919,4.0,52.0,160.512,2047.537,,
2013-09-30 20:08:58 -0400,1,Top,Martin Perez,Wil Myers,B,115.88,173.55,94.5,86.6,4.02,1.68,6.89,7.85,-0.467,1.3,1.452,50.0,5.4110000000000005,-7.647,-138.099,-8.043,13.214,32.601,-17.046,23.8,-31.3,4.7,FF,0.899,13.0,70.0,138.864,2110.159,,
2013-09-30 20:09:14 -0400,1,Top,Martin Perez,Wil Myers,B,141.63,183.05,84.4,78.2,3.89,1.64,-3.68,-0.15,-1.2819999999999998,1.017,1.579,50.0,5.334,-5.807,-123.581,-3.878,-5.671,25.548,-32.336,23.8,11.5,8.9,SL,0.903,13.0,40.0,271.636,666.02,,
2013-09-30 20:09:33 -0400,1,Top,Martin Perez,Wil Myers,B,62.66,175.28,93.6,86.6,3.88,1.72,9.47,4.89,1.152,1.296,1.6780000000000002,50.0,5.382999999999999,-4.757,-137.069,-6.8679999999999986,18.06,29.69,-22.772,23.8,-35.2,6.3,FT,0.901,14.0,51.0,117.502,2155.05,,
2013-09-30 20:09:50 -0400,1,Top,Martin Perez,Wil Myers,B,133.91,149.38,94.3,87.4,3.95,1.63,6.33,7.88,-1.012,2.379,1.5219999999999998,50.0,5.504,-9.165,-137.842,-5.457999999999998,12.274,28.182,-16.8,23.8,-30.3,4.3,FF,0.92,13.0,56.0,141.399,2070.534,,
2013-09-30 20:10:32 -0400,1,Top,Martin Perez,Ben Zobrist,S,91.85,144.2,94.1,86.5,3.95,1.71,8.72,5.08,0.269,2.57,1.288,50.0,5.5379999999999985,-5.852,-137.888,-3.962,16.743,31.415,-22.348000000000006,23.8,-33.6,5.9,FT,0.91,6.0,41.0,120.408,2042.567,,
2013-09-30 20:10:55 -0400,1,Top,Martin Perez,Ben Zobrist,X,105.58,158.01,93.8,86.9,3.59,1.62,5.94,5.75,-0.229,1.99,1.219,50.0,5.317,-6.033,-137.327,-5.165,11.404000000000002,28.819000000000006,-21.067,23.8,-24.7,5.1,FF,0.922,8.0,39.0,134.245,1681.759,,
2013-09-30 20:11:49 -0400,1,Top,Martin Perez,Evan Longoria,B,39.48,109.66,92.6,84.8,3.94,1.74,5.03,9.45,1.813,4.073,1.433,50.0,5.481,-0.73,-135.784,-1.051,9.343,31.112,-14.538,23.8,-31.8,3.8,FF,0.904,12.0,54.0,152.088,2132.405,,
2013-09-30 20:12:12 -0400,1,Top,Martin Perez,Evan Longoria,S,122.75,162.33,85.6,79.2,3.77,1.67,4.38,9.47,-0.7170000000000001,1.864,1.3330000000000002,50.0,5.5379999999999985,-6.489,-125.272,-5.666,6.9910000000000005,24.462,-16.998,23.8,-17.7,4.8,CH,0.848,13.0,55.0,155.268,1935.059,,
2013-09-30 20:12:41 -0400,1,Top,Martin Perez,Evan Longoria,S,72.1,140.74,93.4,86.3,3.77,1.67,7.67,4.36,0.8340000000000001,2.752,1.325,50.0,5.459,-4.025,-136.862,-2.926,14.592,29.307,-23.795,23.8,-29.4,6.0,FT,0.913,12.0,56.0,119.866,1783.674,,
2013-09-30 20:13:14 -0400,1,Top,Martin Perez,Evan Longoria,X,81.55,153.69,94.3,87.0,3.77,1.67,8.2,6.38,0.556,2.195,1.277,50.0,5.324,-4.875,-138.065,-4.915,15.869000000000002,30.158,-19.766,23.8,-35.5,5.4,FT,0.921,9.0,55.0,128.023,2116.732,,
2013-09-30 20:14:44 -0400,1,Top,Martin Perez,Delmon Young,S,137.34,149.38,94.2,86.8,3.77,1.78,2.78,9.65,-1.135,2.45,1.186,50.0,5.367000000000001,-7.303,-137.85399999999998,-5.465,5.352,30.221,-13.503,23.8,-14.5,3.2,FF,0.916,13.0,69.0,164.007,2044.078,,
2013-09-30 20:15:04 -0400,1,Top,Martin Perez,Delmon Young,B,139.91,179.6,86.5,81.1,3.74,1.78,5.89,4.4,-1.215,1.131,1.237,50.0,5.376,-8.095,-126.527,-5.73,9.695,22.0,-24.848000000000006,23.9,-18.0,6.7,CH,0.872,13.0,44.0,127.077,1393.3339999999996,,
2013-09-30 20:15:22 -0400,1,Top,Martin Perez,Delmon Young,X,78.97,141.61,84.2,78.0,3.59,1.6,2.53,7.55,0.667,2.741,1.548,50.0,5.645,-2.9530000000000003,-123.378,-2.91,3.925,23.43,-20.403,23.8,-9.2,5.6,CH,0.871,6.0,41.0,161.561,1459.054,,
2013-09-30 20:16:17 -0400,1,Top,Martin Perez,Sean Rodriguez,S,115.88,139.02,86.2,80.5,3.34,1.52,-5.29,1.68,-0.442,2.895,1.602,50.0,5.359,-3.399,-126.394,-0.326,-8.658999999999999,22.924,-29.351,23.9,17.4,7.6,SL,0.929,1.0,68.0,251.943,1045.388,,
2013-09-30 20:16:38 -0400,1,Top,Martin Perez,Sean Rodriguez,B,141.63,160.6,85.7,79.9,3.27,1.49,-3.53,-2.18,-1.265,1.909,1.44,50.0,5.322,-5.579,-125.519,-1.3130000000000002,-5.66,24.082,-35.591,23.9,10.4,9.2,SL,0.916,13.0,49.0,301.12,764.171,,
2013-09-30 20:17:00 -0400,1,Top,Martin Perez,Sean Rodriguez,B,138.2,183.92,84.7,79.4,3.42,1.56,-3.64,0.38,-1.19,0.939,1.536,50.0,5.317,-5.54,-124.001,-4.3660000000000005,-5.728,22.203000000000007,-31.496,23.9,11.5,8.4,SL,0.912,13.0,40.0,263.249,674.841,,
2013-09-30 20:17:24 -0400,1,Top,Martin Perez,Sean Rodriguez,S,108.15,170.96,85.6,78.7,3.46,1.53,6.23,7.01,-0.251,1.457,1.4340000000000002,50.0,5.315,-6.157,-125.313,-5.272,9.864,26.459,-21.01,23.8,-21.3,6.1,CH,0.887,13.0,41.0,138.539,1724.715,,
2013-09-30 20:17:57 -0400,1,Top,Martin Perez,Sean Rodriguez,S,101.29,172.69,87.9,81.5,3.46,1.53,4.53,8.41,-0.016,1.29,1.25,50.0,5.46,-4.7189999999999985,-128.591,-7.086,7.622000000000001,25.241,-17.935,23.8,-19.3,4.9,CH,2.0,13.0,36.0,151.842,1822.141,,
2013-09-30 20:21:12 -0400,1,Bottom,David Price,Ian Kinsler,B,95.28,115.7,93.2,85.9,3.53,1.5,7.46,6.72,0.152,3.831,2.347,50.0,5.688,-8.541,-136.468,-1.4169999999999998,14.124,29.102,-19.392,23.8,-32.1,5.0,FF,0.926,12.0,59.0,132.14600000000002,2025.093,,
2013-09-30 20:21:26 -0400,1,Bottom,David Price,Ian Kinsler,S,79.83,176.14,83.8,78.0,3.42,1.5,8.66,2.0,0.618,1.273,2.363,50.0,5.667999999999998,-6.9670000000000005,-122.685,-4.684,13.261,23.144,-29.042,23.9,-22.0,8.5,CH,2.0,14.0,57.0,103.289,1611.2910000000004,,
2013-09-30 20:21:51 -0400,1,Bottom,David Price,Ian Kinsler,S,75.54,136.43,93.7,87.1,3.42,1.5,7.08,7.84,0.703,2.899,2.386,50.0,5.593,-7.089,-137.21,-4.213,13.649,27.124,-16.982,23.8,-34.6,4.5,FF,2.0,3.0,53.0,138.063,2159.397,,
2013-09-30 20:22:15 -0400,1,Bottom,David Price,Ian Kinsler,B,169.96,165.78,94.9,87.5,3.61,1.55,9.02,8.08,-2.156,1.739,1.925,50.0,5.445,-14.364,-138.26,-7.138,17.537,29.613000000000003,-16.385,23.8,-39.1,4.8,FF,0.941,13.0,33.0,131.998,2476.113,,
2013-09-30 20:22:30 -0400,1,Bottom,David Price,Ian Kinsler,B,163.09,158.88,94.2,86.2,3.61,1.55,10.38,7.6,-1.953,1.949,1.948,50.0,5.426,-14.203,-137.249,-6.148,19.733,31.328000000000007,-17.649,23.8,-41.0,5.4,FT,2.0,13.0,35.0,126.357,2590.01,,
2013-09-30 20:22:51 -0400,1,Bottom,David Price,Ian Kinsler,S,83.26,147.65,94.4,87.7,3.54,1.62,4.49,9.48,0.4920000000000001,2.477,2.507,50.0,5.359,-7.121,-138.158,-5.4220000000000015,8.776,27.591,-13.568,23.8,-26.8,3.4,FF,0.909,6.0,40.0,154.749,2160.229,,
2013-09-30 20:23:34 -0400,1,Bottom,David Price,Elvis Andrus,B,42.92,108.8,83.3,77.0,3.46,1.56,7.15,3.48,1.765,4.137,2.375,50.0,5.896,-3.718,-122.126,1.301,10.838,23.087,-26.815,23.8,-20.9,7.6,CH,2.0,12.0,47.0,116.311,1436.2820000000004,,
2013-09-30 20:23:50 -0400,1,Bottom,David Price,Elvis Andrus,B,66.09,154.56,94.2,86.8,3.38,1.56,10.9,5.94,1.002,2.18,2.434,50.0,5.4460000000000015,-7.752000000000002,-137.781,-5.091,20.975,30.314,-20.668000000000006,23.8,-41.6,6.1,FT,2.0,14.0,62.0,118.748,2519.065,,
2013-09-30 20:24:09 -0400,1,Bottom,David Price,Elvis Andrus,B,69.53,150.24,93.9,86.3,3.32,1.54,4.65,10.75,0.958,2.311,2.3480000000000003,50.0,5.474,-5.4110000000000005,-137.48,-6.4529999999999985,8.889,30.736,-11.553,23.8,-30.7,3.2,FF,0.909,14.0,53.0,156.68200000000004,2369.634,,
2013-09-30 20:24:31 -0400,1,Bottom,David Price,Elvis Andrus,B,121.03,182.19,93.6,86.1,3.45,1.63,5.28,10.35,-0.73,0.989,2.254,50.0,5.271,-9.893,-136.565,-9.22,9.968,30.015,-12.548,23.8,-28.4,3.6,FF,2.0,13.0,44.0,153.075,2338.45,,
2013-09-30 20:25:18 -0400,1,Bottom,David Price,Alex Rios,S,97.0,141.61,94.3,86.0,3.95,1.88,10.79,8.18,0.056,2.753,2.303,50.0,5.558,-9.889,-137.804,-4.564,20.586,32.867,-16.500999999999998,23.7,-46.1,5.4,FT,2.0,5.0,32.0,127.284,2723.9040000000005,,
2013-09-30 20:25:45 -0400,1,Bottom,David Price,Alex Rios,B,131.33,170.1,94.7,87.0,3.95,1.88,8.29,9.58,-0.978,1.557,2.161,50.0,5.385,-11.496,-138.14,-7.945,16.02,30.852,-13.588,23.8,-41.4,4.3,FF,2.0,13.0,69.0,139.24200000000002,2576.973,,
2013-09-30 20:26:12 -0400,1,Bottom,David Price,Alex Rios,B,50.64,140.74,85.9,79.4,3.95,1.95,-2.86,2.96,1.57,2.7030000000000003,2.678,50.0,5.66,-1.829,-125.888,-1.851,-4.597,25.388,-27.348000000000006,23.8,10.1,7.1,FC,2.0,14.0,25.0,223.607,768.1039999999998,,
2013-09-30 20:28:05 -0400,1,Bottom,David Price,Alex Rios,X,71.24,126.06,83.2,76.6,3.95,1.79,6.51,4.94,0.873,3.5410000000000004,2.279,50.0,5.95,-5.416,-121.88,-0.664,9.783,24.149,-24.677,23.8,-19.4,7.1,CH,2.0,12.0,55.0,127.465,1467.121,,
2013-09-30 20:30:50 -0400,2,Top,Martin Perez,James Loney,S,137.34,158.88,84.6,78.0,3.74,1.75,-3.55,2.41,-1.189,1.946,1.507,50.0,5.529,-5.457000000000002,-123.963,-2.938,-5.496,26.15,-28.366,23.8,12.7,7.8,SL,0.915,13.0,86.0,235.282,782.523,,
2013-09-30 20:31:04 -0400,2,Top,Martin Perez,James Loney,B,120.17,189.1,91.9,85.1,3.73,1.7,4.83,7.7,-0.573,0.6579999999999999,1.368,50.0,5.444,-6.82,-134.313,-9.326,8.851,27.991,-17.986,23.8,-20.7,4.7,FF,0.907,13.0,36.0,148.04399999999995,1806.273,,
2013-09-30 20:31:20 -0400,2,Top,Martin Perez,James Loney,B,103.0,174.42,92.4,85.5,3.64,1.7,7.03,8.65,-0.122,1.277,1.496,50.0,5.487,-6.77,-135.167,-8.259,13.06,28.172,-16.026,23.8,-33.5,4.6,FF,0.86,13.0,23.0,141.036,2229.113,,
2013-09-30 20:31:36 -0400,2,Top,Martin Perez,James Loney,B,143.35,178.73,94.4,86.6,3.69,1.74,2.52,10.43,-1.359,1.147,1.344,50.0,5.305,-8.234,-137.955,-9.073,4.828,32.168,-12.109000000000002,23.8,-11.8,3.1,FF,0.912,13.0,25.0,166.472,2170.329,"Martin Perez is having trouble locating his four-seam fastball, missing the strike zone with his last three.",
2013-09-30 20:31:54 -0400,2,Top,Martin Perez,James Loney,X,124.46,149.38,94.3,86.6,3.64,1.7,2.67,10.84,-0.775,2.315,1.295,50.0,5.379,-6.575,-137.97,-6.273,5.1320000000000014,31.247,-11.236,23.8,-16.2,2.8,FF,0.918,13.0,52.0,166.23,2266.842,,
2013-09-30 20:32:36 -0400,2,Top,Martin Perez,Yunel Escobar,B,60.94,101.89,76.2,70.7,3.48,1.56,-5.77,-6.71,1.256,4.417,1.676,50.0,6.0779999999999985,0.7290000000000001,-111.665,5.53,-7.308,19.49,-40.601,23.8,10.3,12.9,CU,0.906,12.0,83.0,319.069,1449.213,,
2013-09-30 20:32:48 -0400,2,Top,Martin Perez,Yunel Escobar,S,72.96,158.01,92.1,85.7,3.42,1.56,6.54,3.54,0.789,2.01,1.531,50.0,5.457000000000002,-4.2639999999999985,-134.97899999999998,-4.454,12.184,26.75,-25.514,23.9,-23.3,6.2,FF,0.825,14.0,51.0,118.662,1492.436,,
2013-09-30 20:33:06 -0400,2,Top,Martin Perez,Yunel Escobar,S,90.13,161.47,86.1,80.2,3.42,1.56,7.14,4.69,0.324,1.7819999999999998,1.5619999999999998,50.0,5.57,-5.417999999999998,-126.153,-4.579,11.623,23.349,-24.471,23.9,-22.9,6.8,CH,0.899,9.0,40.0,123.535,1603.565,,
2013-09-30 20:33:28 -0400,2,Top,Martin Perez,Yunel Escobar,S,74.68,163.19,88.5,82.1,3.42,1.56,7.14,5.68,0.828,1.79,1.479,50.0,5.4289999999999985,-4.055,-129.684,-4.9830000000000005,12.234000000000002,25.627,-22.368,23.8,-26.2,6.1,CH,2.0,14.0,57.0,128.714,1754.009,,
2013-09-30 20:34:01 -0400,2,Top,Martin Perez,Jose Molina,S,95.28,139.88,93.2,85.8,3.62,1.61,0.93,12.24,0.154,2.847,1.386,50.0,5.472,-3.647,-136.49,-5.412000000000001,1.75,29.622,-8.979,23.8,-5.5,2.2,FF,0.917,5.0,44.0,175.687,2472.455,,
2013-09-30 20:34:20 -0400,2,Top,Martin Perez,Jose Molina,S,89.27,177.87,92.4,85.9,3.62,1.61,5.12,7.23,0.29100000000000004,1.187,1.334,50.0,5.392,-4.577,-135.185,-7.791,9.552,27.032,-18.595,23.8,-23.4,4.7,FF,0.909,14.0,29.0,144.877,1781.71,,
2013-09-30 20:34:37 -0400,2,Top,Martin Perez,Jose Molina,S,90.99,175.28,83.8,78.5,3.62,1.61,-3.15,-0.27,0.279,1.273,1.6469999999999998,50.0,5.336,-2.335,-122.915,-3.227,-4.865,22.15,-32.517,23.9,9.0,8.8,SL,0.904,14.0,41.0,274.033,575.648,,
2013-09-30 20:34:58 -0400,2,Top,Martin Perez,Jose Molina,B,90.13,189.96,87.7,81.5,3.92,1.79,7.71,4.64,0.28800000000000003,0.7559999999999999,1.37,50.0,5.335,-5.291,-128.274,-6.834,12.912,25.115,-24.321,23.8,-25.0,6.8,CH,0.82,14.0,24.0,121.308,1709.234,,
2013-09-30 20:35:16 -0400,2,Top,Martin Perez,Jose Molina,X,71.24,151.97,87.3,81.4,3.62,1.61,6.83,6.56,0.883,2.261,1.508,50.0,5.532,-3.844,-127.964,-4.147,11.456,23.606,-21.096,23.9,-26.3,5.9,CH,0.865,14.0,52.0,134.04,1806.753,,
2013-09-30 20:38:09 -0400,2,Bottom,David Price,Adrian Beltre,B,138.2,117.43,92.8,85.9,3.71,1.68,5.51,8.55,-1.206,3.797,2.152,50.0,5.632999999999999,-10.956,-135.722,-1.956,10.365,27.414,-16.026,23.8,-26.5,4.0,FF,2.0,11.0,82.0,147.306,2051.108,,
2013-09-30 20:38:26 -0400,2,Bottom,David Price,Adrian Beltre,B,136.48,148.51,93.8,86.2,3.77,1.79,6.41,8.18,-1.233,2.467,2.105,50.0,5.524,-11.278,-137.043,-5.207999999999998,12.175,30.491,-16.561,23.8,-28.8,4.3,FF,2.0,13.0,52.0,142.054,2095.976,,
2013-09-30 20:38:50 -0400,2,Bottom,David Price,Adrian Beltre,S,122.75,142.47,93.8,86.6,3.64,1.71,6.95,6.9,-0.7120000000000001,2.555,2.199,50.0,5.519,-10.345,-137.062,-4.551,13.296,28.837,-18.915,23.8,-29.4,4.8,FF,2.0,13.0,45.0,134.921,1987.545,,
2013-09-30 20:39:24 -0400,2,Bottom,David Price,Adrian Beltre,X,76.39,141.61,93.9,87.3,3.52,1.58,3.54,7.58,0.813,2.659,2.204,50.0,5.506,-5.051,-137.578,-4.5760000000000005,6.853,27.52,-17.415,23.8,-17.8,4.0,FF,0.882,12.0,49.0,155.095,1715.953,,
2013-09-30 20:40:27 -0400,2,Bottom,David Price,A.J. Pierzynski,S,120.17,126.06,94.3,87.3,3.58,1.6,8.09,7.52,-0.616,3.406,2.142,50.0,5.44,-10.41,-137.862,-2.359,15.71,27.92,-17.484,23.8,-37.2,4.7,FF,0.929,1.0,70.0,133.079,2263.396,,
2013-09-30 20:40:57 -0400,2,Bottom,David Price,A.J. Pierzynski,S,93.56,127.79,95.5,87.6,3.58,1.6,10.22,6.42,0.201,3.378,2.235,50.0,5.397,-9.268,-139.711,-2.042,20.171,31.902,-19.437,23.8,-42.3,5.5,FF,2.0,2.0,40.0,122.271,2477.229,,
2013-09-30 20:41:32 -0400,2,Bottom,David Price,A.J. Pierzynski,B,156.22,116.57,94.6,88.1,3.75,1.76,4.02,8.4,-1.73,3.815,2.055,50.0,5.5870000000000015,-11.836,-138.27100000000002,-2.03,7.901,26.4,-15.593,23.9,-19.5,3.5,FF,0.909,11.0,37.0,154.523,1927.147,,
2013-09-30 20:42:02 -0400,2,Bottom,David Price,A.J. Pierzynski,S,151.93,166.65,88.2,82.3,3.58,1.6,-4.31,3.75,-1.5630000000000002,1.54,2.147,50.0,5.595,-8.044,-128.966,-5.318,-7.308,24.907,-25.739,23.9,18.0,6.7,FC,2.0,13.0,39.0,228.634,1095.388,,
2013-09-30 20:43:14 -0400,2,Bottom,David Price,A.J. Pierzynski,S,115.02,150.24,94.3,87.9,3.58,1.6,7.66,6.87,-0.398,2.369,2.246,50.0,5.381,-9.973,-137.889,-4.841,14.959,26.417,-18.672,23.9,-33.8,4.9,FF,0.928,4.0,33.0,132.07,2120.196,,
2013-09-30 20:43:48 -0400,2,Bottom,David Price,A.J. Pierzynski,S,142.49,140.74,95.0,88.1,3.65,1.72,6.25,7.41,-1.3230000000000002,2.795,2.014,50.0,5.364,-11.421,-138.746,-3.892,12.319,27.695,-17.494,23.8,-28.9,4.3,FF,0.923,11.0,21.0,139.999,2003.866,,
2013-09-30 20:44:56 -0400,2,Bottom,David Price,Nelson Cruz,S,105.58,181.33,83.2,77.2,3.64,1.61,8.15,3.22,-0.153,1.051,2.29,50.0,5.506,-8.422,-121.576,-5.042,12.249,22.986,-27.255,23.8,-21.0,8.1,CH,2.0,13.0,43.0,111.88,1575.149,,
2013-09-30 20:45:21 -0400,2,Bottom,David Price,Nelson Cruz,B,66.95,155.42,94.8,87.8,3.84,1.75,4.25,9.4,1.004,2.191,2.47,50.0,5.322,-5.547999999999999,-138.809,-6.127999999999999,8.354,28.977,-13.621,23.8,-25.9,3.4,FF,0.908,14.0,60.0,155.76,2126.603,,
2013-09-30 20:46:01 -0400,2,Bottom,David Price,Nelson Cruz,S,115.02,141.61,95.5,88.7,3.64,1.61,4.9,7.57,-0.484,2.802,2.316,50.0,5.358,-9.527,-139.713,-4.021,9.795,28.163,-16.973,23.8,-24.0,3.9,FF,2.0,4.0,38.0,147.205,1877.792,,
2013-09-30 20:46:42 -0400,2,Bottom,David Price,Nelson Cruz,B,147.64,123.47,95.0,87.2,3.83,1.7,7.71,6.67,-1.39,3.519,1.985,50.0,5.473,-11.988,-138.769,-1.864,15.034,31.195,-19.103,23.8,-32.4,4.8,FF,0.929,11.0,31.0,131.006,2082.74,,
2013-09-30 20:47:13 -0400,2,Bottom,David Price,Nelson Cruz,S,107.3,136.43,96.0,88.7,3.64,1.61,5.27,8.79,-0.208,2.946,2.302,50.0,5.424,-8.883,-140.52200000000002,-4.295,10.587,30.292,-14.44,23.8,-29.6,3.6,FF,2.0,5.0,32.0,149.165,2132.347,,
2013-09-30 20:48:11 -0400,2,Bottom,David Price,Nelson Cruz,X,92.7,146.79,95.5,88.2,3.64,1.61,4.5,9.24,0.179,2.42,2.285,50.0,5.367000000000001,-7.441,-139.796,-5.67,8.953,30.095,-13.73,23.8,-26.3,3.4,FF,2.0,5.0,29.0,154.109,2127.681,,
2013-09-30 20:49:00 -0400,2,Bottom,David Price,Mitch Moreland,S,121.89,143.33,96.0,87.8,3.8,1.73,9.17,6.37,-0.742,2.593,2.124,50.0,5.417000000000002,-11.209,-140.335,-4.283,18.175,33.458,-19.462,23.7,-37.2,5.3,FF,2.0,13.0,63.0,124.971,2292.904,,
2013-09-30 20:49:22 -0400,2,Bottom,David Price,Mitch Moreland,B,63.52,162.33,94.6,87.7,3.73,1.77,9.74,5.55,1.151,1.847,2.374,50.0,5.232,-6.8279999999999985,-138.519,-5.41,19.052,29.007,-21.24,23.8,-38.3,5.9,FF,0.758,14.0,63.0,119.852,2300.676,,
2013-09-30 20:49:45 -0400,2,Bottom,David Price,Mitch Moreland,X,116.74,154.56,88.0,82.7,3.54,1.6,-1.62,3.61,-0.528,2.115,2.3280000000000003,50.0,5.502000000000002,-6.78,-128.785,-3.625,-2.767,21.918000000000006,-25.918000000000006,23.9,8.2,6.3,FC,2.0,7.0,47.0,203.858,770.6039999999998,,
2013-09-30 20:52:34 -0400,3,Top,Martin Perez,Desmond Jennings,S,113.3,132.97,82.3,76.2,3.78,1.52,-4.62,-2.3,-0.391,3.059,1.76,50.0,5.688,-3.69,-120.602,1.198,-6.797999999999999,23.664,-35.477,23.8,11.9,9.9,SL,0.7040000000000001,1.0,64.0,295.915,909.184,,
2013-09-30 20:52:46 -0400,3,Top,Martin Perez,Desmond Jennings,B,140.77,143.33,91.5,84.5,3.7,1.6,1.43,11.25,-1.28,2.628,1.384,50.0,5.702000000000001,-7.546,-133.87,-5.9460000000000015,2.613,27.818,-11.601,23.8,-4.9,2.9,FF,0.903,13.0,45.0,172.763,2247.458,,
2013-09-30 20:53:05 -0400,3,Top,Martin Perez,Desmond Jennings,B,78.11,180.46,83.0,77.3,3.66,1.64,5.46,6.22,0.759,1.068,1.681,50.0,5.777,-3.923,-121.451,-6.595,8.21,22.308000000000003,-22.742,23.9,-17.5,6.7,CH,0.902,14.0,42.0,138.963,1493.734,,
2013-09-30 20:53:19 -0400,3,Top,Martin Perez,Desmond Jennings,B,66.95,160.6,84.0,77.7,3.67,1.6,5.51,9.57,1.046,1.913,1.638,50.0,5.8679999999999986,-3.179,-123.015,-6.034,8.463,23.969,-17.402,23.8,-23.0,5.3,CH,0.906,14.0,57.0,150.19299999999996,2007.794,,
2013-09-30 20:53:32 -0400,3,Top,Martin Perez,Desmond Jennings,S,85.84,161.47,92.0,85.9,3.6,1.64,5.72,8.31,0.403,1.82,1.648,50.0,5.683,-5.319,-134.583,-7.2189999999999985,10.648,25.015,-16.631,23.9,-28.4,4.4,FF,0.906,9.0,49.0,145.58700000000005,2030.975,,
2013-09-30 20:53:48 -0400,3,Top,Martin Perez,Desmond Jennings,B,64.38,118.29,92.0,84.9,3.62,1.63,3.46,10.87,1.123,3.754,1.651,50.0,5.6110000000000015,-2.604,-134.832,-2.698,6.388,28.188,-12.01,23.8,-25.0,3.0,FF,0.904,12.0,67.0,162.423,2275.905,,
2013-09-30 20:54:25 -0400,3,Top,Martin Perez,Wil Myers,B,159.66,173.55,93.5,86.5,3.91,1.75,4.23,9.41,-1.823,1.39,1.147,50.0,5.459,-9.505,-136.505,-8.354,8.023,28.546,-14.244000000000002,23.8,-21.0,3.7,FF,0.912,13.0,54.0,155.895,2087.684,,
2013-09-30 20:54:47 -0400,3,Top,Martin Perez,Wil Myers,S,84.98,164.92,84.3,78.4,3.71,1.62,5.41,4.66,0.463,1.7280000000000002,1.607,50.0,5.582000000000002,-4.518,-123.479,-4.337,8.415,23.035,-24.855,23.8,-16.6,7.0,CH,0.895,9.0,47.0,131.016,1310.341,,
2013-09-30 20:55:09 -0400,3,Top,Martin Perez,Wil Myers,S,115.88,149.38,85.2,79.0,3.71,1.68,-3.8,1.72,-0.501,2.3680000000000003,1.62,50.0,5.268,-4.016,-124.85,-1.207,-6.0139999999999985,24.373,-29.371,23.8,12.8,7.8,SL,0.919,4.0,37.0,245.01,771.0160000000002,,
2013-09-30 20:55:33 -0400,3,Top,Martin Perez,Wil Myers,S,72.1,160.6,85.3,79.0,3.71,1.62,8.23,4.3,0.738,1.887,1.297,50.0,5.579,-4.02,-125.034,-4.002,13.046,24.818,-25.279,23.8,-25.3,7.4,CH,0.908,14.0,52.0,117.858,1712.152,,
2013-09-30 20:56:04 -0400,3,Top,Martin Perez,Ben Zobrist,B,122.75,170.96,83.4,77.9,3.97,1.81,-4.84,-0.28,-0.706,1.439,1.611,50.0,5.303,-4.082,-122.184,-2.624,-7.37,22.576,-32.526,23.9,13.6,9.0,SL,0.8909999999999999,13.0,87.0,272.73400000000004,876.0930000000002,,
2013-09-30 20:56:24 -0400,3,Top,Martin Perez,Ben Zobrist,B,117.6,191.69,86.7,80.1,3.8,1.71,6.33,5.42,-0.716,0.585,1.4469999999999998,50.0,5.313,-7.465,-126.74,-7.171,10.281,26.077,-23.285,23.8,-19.7,6.5,CH,0.833,13.0,39.0,130.84799999999998,1555.7420000000004,,
2013-09-30 20:56:56 -0400,3,Top,Martin Perez,Ben Zobrist,X,85.84,130.38,92.9,84.8,3.59,1.62,7.01,5.3,0.395,3.188,1.36,50.0,5.52,-5.0139999999999985,-136.08,-2.079,13.007,32.68,-22.263,23.7,-27.5,5.6,FT,0.823,3.0,51.0,127.307,1743.399,,
2013-09-30 20:57:42 -0400,3,Top,Martin Perez,Evan Longoria,X,115.88,162.33,94.4,85.8,3.77,1.67,8.87,7.23,-0.43,1.852,1.116,50.0,5.385,-7.308,-138.127,-6.194,16.894000000000002,34.968,-18.33,23.7,-37.2,5.3,FT,0.906,7.0,57.0,129.334,2294.097,,
2013-09-30 20:58:24 -0400,3,Top,Martin Perez,Delmon Young,X,114.16,128.65,77.6,72.3,3.59,1.6,-7.07,-2.39,-0.399,3.227,1.521,50.0,5.9929999999999986,-2.253,-113.721,1.608,-9.306,19.818,-35.241,23.9,15.4,11.2,CU,0.903,1.0,80.0,288.241,1250.016,,
2013-09-30 21:01:21 -0400,3,Bottom,David Price,Craig Gentry,B,51.5,126.06,83.6,77.1,3.6,1.63,7.72,2.36,1.543,3.345,2.281,50.0,5.747999999999998,-4.209,-122.474,0.08199999999999999,11.728,24.109,-28.51,23.8,-21.0,8.1,CH,2.0,12.0,51.0,107.35,1455.476,,
2013-09-30 21:01:36 -0400,3,Bottom,David Price,Craig Gentry,S,91.85,146.79,92.8,85.4,3.45,1.55,8.21,7.01,0.284,2.45,2.297,50.0,5.4270000000000005,-8.258,-135.826,-4.441,15.334,29.684,-18.992,23.8,-34.3,5.2,FF,2.0,6.0,32.0,130.685,2159.862,,
2013-09-30 21:02:16 -0400,3,Bottom,David Price,Craig Gentry,B,79.83,104.48,93.5,85.8,3.65,1.66,5.5,8.19,0.652,4.307,2.215,50.0,5.6179999999999986,-6.1560000000000015,-136.974,-0.48,10.44,30.715,-16.563,23.8,-28.6,4.1,FF,0.918,12.0,41.0,146.22799999999995,1989.138,,
2013-09-30 21:02:38 -0400,3,Bottom,David Price,Craig Gentry,B,47.21,107.07,83.2,76.0,3.64,1.63,7.56,6.39,1.5419999999999998,4.138,2.301,50.0,5.699,-4.171,-121.94,0.96,11.279000000000002,26.009,-22.563,23.7,-25.0,6.7,CH,2.0,12.0,21.0,130.436,1763.029,,
2013-09-30 21:03:00 -0400,3,Bottom,David Price,Craig Gentry,X,88.41,147.65,92.6,85.2,3.45,1.55,10.4,6.33,0.327,2.518,2.191,50.0,5.397,-8.605,-135.531,-3.907,19.353,29.589,-20.317,23.8,-39.6,6.0,FT,2.0,6.0,39.0,121.495,2429.522,,
2013-09-30 21:03:52 -0400,3,Bottom,David Price,Leonys Martin,S,111.59,125.2,94.4,86.4,3.44,1.52,9.95,7.7,-0.362,3.463,2.266,50.0,5.434,-10.665,-138.011,-2.184,19.123,31.692,-17.292,23.8,-43.2,5.2,FF,0.8909999999999999,11.0,65.0,127.892,2547.228,,
2013-09-30 21:04:21 -0400,3,Bottom,David Price,Leonys Martin,S,75.54,115.7,93.8,86.2,3.3,1.52,9.36,6.63,0.785,3.825,2.275,50.0,5.462999999999999,-7.342,-137.42700000000002,-0.866,17.9,30.448,-19.42,23.8,-39.7,5.4,FF,2.0,12.0,46.0,125.471,2320.263,,
2013-09-30 21:04:52 -0400,3,Bottom,David Price,Leonys Martin,X,142.49,141.61,94.7,87.3,3.3,1.52,5.89,7.96,-1.296,2.687,1.904,50.0,5.362,-10.848,-138.378,-4.2810000000000015,11.455,29.882,-16.621,23.8,-27.6,4.1,FF,2.0,11.0,24.0,143.629,2025.141,,
2013-09-30 21:05:58 -0400,3,Bottom,David Price,Ian Kinsler,X,119.31,135.56,94.5,87.1,3.42,1.5,9.92,7.59,-0.61,3.05,2.088,50.0,5.443,-10.894,-138.161,-3.361,19.246,29.577,-17.366,23.8,-43.2,5.2,FF,0.862,1.0,66.0,127.576,2549.922,,
2013-09-30 21:06:59 -0400,3,Bottom,David Price,Elvis Andrus,S,117.6,134.7,93.6,86.7,3.33,1.6,5.87,11.03,-0.584,3.077,2.398,50.0,5.4289999999999985,-10.165,-136.893,-4.3580000000000005,11.243,27.596,-10.975,23.8,-37.9,3.2,FF,2.0,1.0,67.0,152.062,2543.067,,
2013-09-30 21:08:19 -0400,3,Bottom,David Price,Elvis Andrus,B,32.62,112.25,86.3,79.2,3.34,1.49,-2.45,2.58,1.985,3.968,2.879,50.0,5.678,-1.435,-126.549,1.344,-3.955,27.192,-27.941,23.8,8.7,7.1,FC,2.0,12.0,27.0,223.054,664.135,,
2013-09-30 21:08:48 -0400,3,Bottom,David Price,Elvis Andrus,X,84.98,144.2,83.4,76.6,3.27,1.49,7.1,4.25,0.443,2.572,2.37,50.0,5.665,-6.846,-122.053,-2.086,10.640999999999998,25.326,-25.723000000000006,23.8,-19.6,7.5,CH,2.0,6.0,33.0,121.227,1479.1229999999996,,
2013-09-30 21:09:43 -0400,3,Bottom,David Price,Alex Rios,S,123.61,122.61,93.8,85.9,3.95,1.91,9.14,4.57,-0.696,3.621,2.06,50.0,5.505,-10.661,-137.225,-0.764,17.352999999999998,31.689,-23.421,23.8,-32.3,6.0,FF,2.0,1.0,70.0,116.767,2054.785,,
2013-09-30 21:10:23 -0400,3,Bottom,David Price,Alex Rios,S,74.68,162.33,87.7,81.2,3.89,1.89,-1.61,6.43,0.815,1.855,2.628,50.0,5.408,-4.07,-128.44299999999998,-4.819,-2.702,25.986,-21.328000000000007,23.8,8.8,5.5,FC,2.0,14.0,67.0,193.987,1262.515,,
2013-09-30 21:14:12 -0400,4,Top,Martin Perez,Sean Rodriguez,S,115.88,160.6,81.8,76.7,3.41,1.53,-3.91,1.9,-0.544,1.978,1.889,50.0,5.685,-4.578,-119.92,-2.665,-5.766,20.594,-29.294,23.9,12.2,8.3,SL,0.904,7.0,72.0,243.458,779.74,,
2013-09-30 21:14:23 -0400,4,Top,Martin Perez,Sean Rodriguez,B,169.1,158.01,91.2,84.9,3.46,1.59,1.34,8.62,-2.068,2.0780000000000003,1.146,50.0,5.688,-8.958,-133.255,-6.436,2.442,25.529,-16.428,23.9,-2.6,3.9,FF,0.883,13.0,25.0,171.18599999999995,1734.802,,
2013-09-30 21:14:36 -0400,4,Top,Martin Perez,Sean Rodriguez,S,97.85,158.88,83.7,78.0,3.46,1.64,4.96,3.32,0.052000000000000005,1.894,1.393,50.0,5.747000000000001,-4.823,-122.624,-3.806,7.612999999999999,22.281,-27.0,23.9,-13.8,7.5,CH,0.851,8.0,30.0,124.202,1089.031,,
2013-09-30 21:14:55 -0400,4,Top,Martin Perez,Sean Rodriguez,B,109.87,192.55,85.5,79.6,3.39,1.53,7.12,6.36,-0.29600000000000004,0.487,1.3019999999999998,50.0,5.526,-6.246,-124.928,-8.03,11.336,23.286,-21.971,23.9,-23.7,6.5,CH,0.899,13.0,26.0,131.99,1771.14,,
2013-09-30 21:15:11 -0400,4,Top,Martin Perez,Sean Rodriguez,B,99.57,207.23,83.7,78.4,3.27,1.53,6.13,5.35,0.013,-0.127,1.403,50.0,5.566,-5.311,-122.337,-8.892000000000003,9.399,21.569000000000006,-23.897,23.9,-18.7,7.1,CH,0.908,14.0,16.0,131.369,1485.206,,
2013-09-30 21:15:31 -0400,4,Top,Martin Perez,Sean Rodriguez,S,85.84,164.92,85.4,79.7,3.46,1.53,5.95,4.94,0.407,1.713,1.4,50.0,5.6770000000000005,-4.386,-125.049,-4.958,9.531,22.458,-24.191,23.9,-19.4,6.7,CH,0.901,9.0,44.0,129.95,1442.388,"|pitcher| has his out pitch working today, recording all 4 of his strikeouts with the changeup so far.",
2013-09-30 21:16:06 -0400,4,Top,Martin Perez,James Loney,B,140.77,178.73,93.3,86.9,3.71,1.75,4.14,10.0,-1.239,1.113,1.158,50.0,5.382999999999999,-7.944,-136.334,-9.147,7.887,26.311,-13.029000000000002,23.9,-23.5,3.4,FF,0.917,13.0,63.0,157.612,2203.398,,
2013-09-30 21:16:20 -0400,4,Top,Martin Perez,James Loney,B,106.44,176.14,92.2,85.9,3.64,1.84,7.9,6.1,-0.198,1.261,1.366,50.0,5.397,-6.934,-134.806,-7.191,14.716,25.812,-20.737,23.9,-31.4,5.6,FT,0.907,13.0,31.0,127.854,2005.794,,
2013-09-30 21:16:39 -0400,4,Top,Martin Perez,James Loney,B,166.52,179.6,92.9,86.3,3.74,1.85,0.28,8.7,-2.087,1.138,1.148,50.0,5.25,-8.789,-135.67600000000002,-8.119,0.517,27.471,-15.762,23.8,3.8,3.8,FF,0.901,13.0,27.0,178.19799999999995,1755.804,,
2013-09-30 21:16:57 -0400,4,Top,Martin Perez,James Loney,X,116.74,143.33,93.8,86.7,3.64,1.7,2.85,7.95,-0.593,2.552,1.445,50.0,5.301,-6.542000000000002,-137.332,-4.369,5.47,29.053,-16.847,23.8,-13.1,3.9,FF,0.913,4.0,41.0,160.361,1719.177,Martin Perez battled back from 3-0 to retire James Loney.,
2013-09-30 21:17:48 -0400,4,Top,Martin Perez,Yunel Escobar,S,100.43,167.51,85.0,79.3,3.63,1.6,4.91,7.84,-0.026,1.599,1.461,50.0,5.521,-5.25,-124.424,-5.7,7.795,22.166,-19.662,23.9,-18.5,5.6,CH,0.893,13.0,56.0,148.078,1718.858,,
2013-09-30 21:18:00 -0400,4,Top,Martin Perez,Yunel Escobar,B,54.94,145.06,93.1,85.6,3.58,1.56,6.21,5.18,1.32,2.584,1.567,50.0,5.358,-2.834,-136.47899999999998,-3.312,11.677,30.977,-22.355,23.8,-25.6,5.5,FF,0.916,12.0,21.0,130.061,1621.793,,
2013-09-30 21:18:15 -0400,4,Top,Martin Perez,Yunel Escobar,X,130.47,147.65,82.6,76.7,3.42,1.56,-3.93,-2.93,-0.853,2.522,1.693,50.0,5.376,-4.87,-121.045,0.7959999999999999,-5.84,23.085,-36.464,23.8,10.4,10.1,SL,0.76,11.0,42.0,306.301,868.5110000000002,,
2013-09-30 21:21:04 -0400,4,Bottom,David Price,Alex Rios,S,120.17,181.33,79.8,74.8,3.95,1.79,-4.16,-2.07,-0.585,1.048,2.33,50.0,5.3889999999999985,-5.495,-116.953,-2.496,-5.799,20.71,-34.98,23.9,10.6,10.4,CU,2.0,13.0,76.0,295.822,799.145,,
2013-09-30 21:21:36 -0400,4,Bottom,David Price,Alex Rios,X,85.84,157.15,82.2,76.8,3.95,1.79,7.43,4.2,0.381,2.225,2.2840000000000003,50.0,5.654,-6.8610000000000015,-120.398,-2.784,11.049,20.624,-25.855,23.9,-20.7,7.7,CH,2.0,9.0,37.0,119.766,1533.7479999999996,,
2013-09-30 21:22:13 -0400,4,Bottom,David Price,Adrian Beltre,B,97.85,191.69,80.1,75.6,3.72,1.67,-4.44,-2.72,0.001,0.495,2.499,50.0,5.306,-4.471,-117.361,-3.489,-6.277,19.568,-35.947,23.9,10.6,10.6,CU,2.0,14.0,68.0,301.01,905.332,,
2013-09-30 21:22:39 -0400,4,Bottom,David Price,Adrian Beltre,S,113.3,122.61,93.4,87.0,3.52,1.58,7.22,7.25,-0.315,3.439,2.127,50.0,5.457000000000002,-9.184,-136.683,-2.133,13.86,25.782,-18.173,23.9,-33.2,4.7,FF,2.0,1.0,42.0,135.291,2091.101,,
2013-09-30 21:23:17 -0400,4,Bottom,David Price,Adrian Beltre,S,69.53,122.61,93.7,86.7,3.52,1.58,4.86,9.09,0.848,3.479,2.399,50.0,5.62,-5.934,-137.201,-3.119,9.336,28.306,-14.657,23.8,-28.0,3.7,FF,2.0,12.0,64.0,151.945,2098.923,David Price is still attacking Adrian Beltre with the four-seam fastball even though Beltre hit one for a double last time up.,
2013-09-30 21:24:14 -0400,4,Bottom,David Price,Adrian Beltre,B,148.5,167.51,86.5,80.9,3.67,1.71,-3.18,3.27,-1.598,1.588,2.0380000000000003,50.0,5.63,-8.082,-126.551,-4.806,-5.2120000000000015,23.592,-26.741,23.9,13.3,7.0,FC,2.0,13.0,40.0,223.81,863.1,,
2013-09-30 21:24:41 -0400,4,Bottom,David Price,Adrian Beltre,S,124.46,145.92,94.1,87.4,3.52,1.58,8.34,6.37,-0.775,2.532,1.949,50.0,5.394,-10.393,-137.523,-4.184,16.155,27.164,-19.768,23.8,-34.5,5.2,FF,2.0,13.0,43.0,127.523,2148.794,,
2013-09-30 21:25:09 -0400,4,Bottom,David Price,Adrian Beltre,X,126.18,143.33,94.8,87.3,3.52,1.58,6.92,7.28,-0.799,2.665,1.915,50.0,5.347,-9.901,-138.694,-4.081,13.497,30.608,-17.905,23.8,-31.2,4.6,FF,0.926,11.0,48.0,136.594,2054.521,,
2013-09-30 21:25:53 -0400,4,Bottom,David Price,A.J. Pierzynski,S,116.74,145.06,86.4,79.8,3.89,1.79,-1.69,2.55,-0.512,2.6910000000000003,2.274,50.0,5.5779999999999985,-6.407,-126.547,-1.609,-2.7310000000000003,26.152,-27.977,23.8,8.0,7.2,FC,2.0,4.0,52.0,213.051,574.057,,
2013-09-30 21:26:09 -0400,4,Bottom,David Price,A.J. Pierzynski,S,118.45,154.56,80.4,74.6,3.58,1.6,-5.69,-2.07,-0.598,2.0340000000000003,2.287,50.0,5.4910000000000005,-4.988,-117.866,-0.501,-7.973,23.078000000000007,-35.009,23.8,14.1,10.5,CU,2.0,7.0,41.0,289.575,1041.569,,
2013-09-30 21:26:38 -0400,4,Bottom,David Price,A.J. Pierzynski,B,163.09,188.23,86.8,80.8,3.73,1.74,-3.43,1.72,-1.957,0.6779999999999999,2.063,50.0,5.358,-8.955,-126.842,-5.882999999999999,-5.6,25.61,-29.291,23.9,13.2,7.8,FC,2.0,13.0,19.0,242.759,720.41,,
2013-09-30 21:27:04 -0400,4,Bottom,David Price,A.J. Pierzynski,X,128.76,132.11,95.4,87.2,3.58,1.6,9.24,7.7,-0.868,3.067,1.93,50.0,5.398,-10.976,-139.395,-3.3,18.08,32.859,-17.031,23.7,-41.1,4.9,FF,0.943,11.0,54.0,129.94899999999998,2454.535,,
2013-09-30 21:29:45 -0400,5,Top,Martin Perez,Jose Molina,S,101.29,152.83,81.8,75.6,3.91,1.82,-2.94,1.16,-0.078,2.307,1.636,50.0,5.79,-3.149,-119.852,-1.796,-4.268,23.758000000000006,-30.422,23.8,8.9,8.7,SL,0.894,8.0,56.0,247.682,558.466,,
2013-09-30 21:30:00 -0400,5,Top,Martin Perez,Jose Molina,B,139.06,184.78,90.6,83.4,3.98,1.84,3.21,9.71,-1.136,0.884,1.358,50.0,5.44,-7.599,-132.311,-9.038,5.685,28.57,-14.909,23.8,-13.8,4.0,FF,0.882,13.0,45.0,161.776,1993.085,,
2013-09-30 21:30:13 -0400,5,Top,Martin Perez,Jose Molina,S,92.7,161.47,82.3,75.8,3.82,1.75,5.16,10.68,0.236,1.801,1.658,50.0,5.729,-4.973,-120.444,-5.88,7.572,23.717,-16.428,23.8,-20.7,5.2,CH,0.908,8.0,41.0,154.319,2104.555,,
2013-09-30 21:30:36 -0400,5,Top,Martin Perez,Jose Molina,X,133.05,163.19,78.1,73.0,3.62,1.61,-5.99,-2.16,-0.93,1.7919999999999998,1.4280000000000002,50.0,5.78,-3.577,-114.555,-1.305,-7.978,20.622,-34.977,23.9,13.6,11.0,CU,0.902,13.0,53.0,289.3590000000001,1070.921,,
2013-09-30 21:31:07 -0400,5,Top,Martin Perez,Desmond Jennings,B,94.42,176.14,91.8,84.7,3.75,1.67,8.29,6.24,0.157,1.265,1.464,50.0,5.5360000000000005,-6.316,-134.254,-7.411,15.129,29.198,-20.709,23.8,-31.8,5.8,FT,0.909,14.0,51.0,127.156,2051.289,,
2013-09-30 21:31:19 -0400,5,Top,Martin Perez,Desmond Jennings,X,80.69,158.01,92.4,85.0,3.46,1.52,8.4,7.16,0.61,1.998,1.454,50.0,5.5520000000000005,-5.1610000000000005,-135.27,-5.947,15.525,30.175,-18.864,23.8,-35.6,5.4,FT,0.918,9.0,56.0,130.608,2193.225,,
